2708 3533
457 438 584 477 super
612 426 788 477 navigiis
818 425 886 462 vel
915 425 1068 463 ratibus
1097 427 1241 463 structi
1268 427 1446 477 impositi
1484 433 1603 469 erant
1628 418 1707 478 ipsi
1734 427 1854 466 alveo
1895 431 2051 481 amnis,
2089 442 2170 469 non
2210 430 2425 469 aestuario.

461 491 605 541 ltaque
634 489 930 540 properandum
960 496 1059 538 erat,
1099 495 1140 525 nt
1169 496 1383 540 antequam
1414 502 1573 529 rursum
1603 496 1855 529 accresceret
1885 492 2006 542 unda,
2036 492 2425 544 transgrederentur.

461 555 515 592 Et
544 556 704 605 equites
734 553 896 605 quidem
927 554 1063 603 primi,
1105 552 1251 591 deinde
1278 554 1395 601 ipsae
1423 553 1633 605 legiones,
1659 553 1850 605 intrepffli
1874 566 2040 607 οωυοε,
2070 558 2149 597 hoc
2174 565 2260 610 est,
2289 560 2426 611 prius-

462 629 580 668 quam
612 616 833 668 quidquam
867 616 1117 654 difficultatis
1146 616 1211 652 vel
1240 616 1406 665 periculi
1435 628 1486 654 ex
1517 622 1720 653 remeante
1747 622 1863 654 aestu
1892 617 2077 670 oriretur,
2104 623 2353 674 transpositi,
2381 627 2426 658 ut

461 680 617 718 relictis
644 681 838 731 pontibus
872 693 943 730 per
980 682 1091 717 sicca
1119 681 1325 717 etiamtum
1364 679 1566 718 aestuaria
1603 679 1969 729 proficiscerentur.
2025 682 2081 719 At
2110 684 2354 723 Batavorum
2381 685 2426 733 ii,

461 744 531 793 qui
559 745 601 781 in
633 750 816 780 extrema
846 750 960 793 parte
995 744 1169 793 agminis
1203 741 1462 792 incedebant,
1493 742 1577 792 jum
1616 751 1784 778 reverso
1820 747 1860 778 et
1888 751 2153 783 accrescente
2181 742 2306 784 ‘aestu
2333 757 2424 784 cnm

460 807 671 845 desilirent
704 806 756 844 de
782 807 935 855 stratis,
966 805 1099 843 nando
1130 806 1323 843 aestuarii
1352 807 1501 856 primas
1529 810 1666 854 partes
1693 804 1936 855 superaturi,
1964 808 2148 856 proxime
2173 806 2292 847 finem
2321 820 2426 860 pon-

462 872 516 908 tis
545 870 710 908 altiores
739 871 903 920 opinato
933 871 1120 920 gurgites
1155 872 1347 906 invenere
1375 880 1503 920 eoque
1531 868 1677 906 turbati
1705 874 1744 905 et
1773 865 1934 918 quidam
1963 868 2099 907 hausti
2127 876 2238 909 suut.

1218 1043 1409 1086 Annal.
1461 1043 1498 1082 2
1508 1074 1520 1097 ‚
1572 1043 1660 1084 28.

526 1146 687 1203 „sinim
717 1149 860 1187 variis
893 1146 1089 1201 undique
1116 1146 1323 1200 procellis
1355 1150 1515 1188 incerti
1537 1147 1699 1201 fluctus
1726 1149 2001 1202 prospectum
2033 1146 2227 1188 adimere
2258 1140 2370 1190 etc.“

617 1274 732 1311 Certi
762 1275 909 1311 fluctus
937 1276 963 1311 ii
993 1280 1110 1323 sunt,
1150 1277 1218 1325 qui
1249 1287 1320 1325 per
1351 1281 1517 1313 ventum
1547 1287 1595 1312 ex
1628 1286 1709 1311 una
1738 1274 1962 1324 eademque
1997 1277 2162 1325 regione
2189 1281 2426 1313 constanter

459 1341 621 1377 flantem
651 1339 815 1375 excitati
844 1337 1012 1375 eandem
1043 1350 1354 1388 quoquoversus
1383 1337 1633 1377 altitudinem
1663 1333 1845 1387 tumoris,
1873 1337 2042 1377 eandem
2063 1339 2317 1378 cavationem
2347 1338 2425 1377 ha-

459 1404 577 1451 bent3
608 1402 725 1451 quasi
753 1401 916 1451 quidam
945 1404 1136 1439 montium
1166 1407 1322 1440 tractus
1347 1405 1452 1440 inter
1479 1413 1527 1440 se
1555 1399 1737 1451 paralleli
1765 1400 2032 1452 ejusdemque
2055 1412 2217 1452 semper
2243 1400 2425 1440 altitudi-

458 1468 522 1504 nis
550 1471 590 1503 et
626 1463 916 1516 amplitudinis.
983 1465 1072 1502 Hos
1108 1471 1257 1503 nautae
1287 1467 1474 1516 quamvis
1510 1465 1685 1503 tumidos
1721 1465 1853 1504 minus
1893 1465 2179 1504 extimescunt.
2232 1464 2292 1504 At
2324 1476 2423 1504 vero

457 1529 601 1567 incerti
629 1528 732 1566 fiunt
759 1527 928 1576 fluctus,
967 1527 1127 1578 quando
1158 1525 1356 1567 modo'ex
1386 1530 1463 1567 hac
1501 1528 1617 1567 modo
1648 1540 1695 1565 ex
1722 1528 1792 1566 illa
1829 1529 1996 1579 regione
2032 1527 2236 1579 procellae
2270 1529 2425 1581 impetu

458 1593 721 1631 desaeviente
762 1598 894 1629 tumor
923 1591 1026 1629 alter
1052 1604 1175 1643 super
1207 1593 1377 1631 alterum
1407 1592 1610 1632 extollitur
1643 1598 1681 1629 et
1720 1591 1909 1643 paralleli
1939 1591 1995 1630 illi
2025 1591 2187 1631 ordines
2215 1592 2427 1632 turbantur

458 1669 532 1707 per
552 1656 654 1694 alios
683 1667 736 1692 ex
755 1654 917 1706 obliquo
937 1655 1110 1705 injectos
1139 1662 1208 1693 aut
1237 1669 1308 1707 per
1327 1667 1592 1709 repercussas
1611 1667 1664 1693 ex
1682 1654 1856 1693 adverso
1884 1654 2004 1693 litore
2019 1655 2260 1707 aliqnopiam
2278 1654 2423 1694 undas.

1327 1833 1548 1871 ibidem.

697 1933 882 1992 „quibus
906 1934 1091 1988 paulum
1123 1946 1336 1991 aeqreque
1369 1936 1537 1991 vitatis,
1568 1937 1801 1992 postquam
1830 1935 2033 1976 mutabat
2067 1939 2216 1977 aestua-r

704 2008 937 2063 eodemque
970 2019 1054 2062 quo
1087 2010 1241 2047 ventus
1270 2001 1484 2063 ferebat,“

620 2127 790 2164 Fluctus
819 2137 1035 2175 aquarum,
1073 2130 1118 2161 ut
1147 2126 1306 2175 physici
1336 2125 1508 2175 docent,
1538 2125 1834 2176 quadamtenus
1863 2125 1995 2164 eidem
2021 2126 2102 2178 legi
2131 2127 2422 2177 obtemperant,

459 2192 526 2228 cni
557 2190 704 2227 fluctus
732 2201 921 2226 sonorum
952 2194 993 2225 et
1022 2188 1125 2224 lucis
1155 2188 1275 2236 radii,
1312 2195 1353 2225 ut
1392 2200 1508 2238 quem
1538 2188 1729 2239 angulum
1765 2187 1945 2226 efficiant
1972 2190 2218 2239 incidentes,
2251 2188 2422 2227 eundem

465 2252 618 2303 rejecti.
677 2253 818 2302 ltaque
844 2252 960 2301 siqua
988 2252 1106 2289 navis
1139 2251 1342 2301 procellae
1370 2252 1519 2301 impetu
1548 2252 1589 2288 in
1617 2261 1726 2289 oram
1757 2250 1974 2290 adversam
2003 2253 2173 2303 rapitur,
2202 2253 2243 2290 in
2271 2251 2426 2290 adver-

459 2328 549 2355 sum
578 2327 628 2353 ea
657 2320 814 2352 aestum
852 2326 976 2365 prope
1013 2314 1108 2352 litus
1138 2314 1298 2365 incidit,
1336 2326 1415 2365 quo
1449 2313 1639 2352 facillime
1675 2315 1789 2353 obrui
1818 2316 1968 2366 possit3
2007 2316 2069 2354 sin
2106 2314 2157 2354 ad
2188 2327 2297 2355 oram
2327 2313 2423 2367 plus

458 2381 590 2417 minus
632 2389 818 2417 aversam
860 2380 950 2415 sive
990 2378 1152 2429 oblique
1190 2384 1467 2416 excurrentem
1508 2380 1547 2416 in
1590 2379 1738 2417 ssuctu's
1779 2383 1860 2416 tum
1899 2378 2059 2430 quidem
2090 2379 2283 2428 defertur,
2326 2378 2421 2431 plns

460 2444 593 2481 minus
627 2443 667 2481 in
697 2454 820 2480 unum
851 2444 1044 2479 coeuntes
1072 2453 1162 2480 cum
1201 2443 1389 2480 fluctibns
1426 2448 1550 2480 vento
1587 2443 1770 2482 excitatis
1799 2449 1921 2495 atque
1956 2442 2052 2481 inde
2087 2455 2166 2482 non
2197 2442 2314 2482 modo
2343 2453 2420 2482 ex-

461 2513 682 2559 aggeratos
711 2506 785 2544 sed
815 2508 936 2544 etiam
966 2507 1148 2544 turbatos
1177 2513 1217 2543 et
1245 2509 1435 2548 incertos.
1502 2508 1545 2544 ln
1575 2506 1774 2558 eJusmodi
1803 2513 1958 2544 aestum
1988 2518 2111 2545 naves
2134 2506 2424 2558 Romanorum,

459 2571 640 2622 paullum
674 2581 882 2622 aegreque
909 2572 1046 2608 vita-tis
1076 2570 1279 2618 litoribus,
1318 2582 1440 2621 quum
1472 2570 1556 2621 jam
1585 2570 1747 2621 oblique
1783 2572 2034 2609 excurrentia
2060 2571 2426 2622 praeterveheren-

458 2642 541 2682 tur,
570 2634 751 2673 incidere
779 2645 951 2673 necesse
980 2640 1078 2675 erat.
1132 2633 1343 2672 Paullatim
1374 2635 1424 2672 iis
1453 2635 1631 2673 mutabat
1660 2640 1801 2672 aestus
1830 2633 2053 2685 eodemque
2080 2636 2159 2685 quo
2186 2640 2335 2673 ventus
2356 2633 2425 2672 fe-

461 2699 586 2735 rebat.
641 2698 817 2735 Proinde
846 2704 972 2735 totum
1004 2697 1131 2734 locum
1161 2697 1222 2735 sic
1251 2697 1334 2734 fere
1361 2696 1678 2734 convertendum
1706 2696 1908 2734 existimo:

618 2760 796 2814 finfangss
821 2760 983 2811 ruufdfle
1014 2760 1103 2800 fiber
1131 2759 1262 2812 tubige
1287 2759 1553 2812 Ἡεετεεῖῇᾰῷο
1577 2759 1642 2810 bin
1670 2761 1733 2799 bct
1748 2758 1997 2811 ffluberfcblug
2025 2761 2095 2800 ber.
2114 2758 2269 2809 tonitui,
2282 2758 2422 2811 Εῴίῆο

461 2825 546 2865 obet
583 2823 707 2877 blfibte
743 2824 799 2866 bie
828 2824 947 2879 &egel
983 2825 1046 2866 bct
1085 2823 1215 2866 Qinb.
1271 2821 1392 2866 Danu
1431 2823 1519 2865 aher
1556 2833 1622 2876 gog
1659 2819 1957 2875 ίῑῷᾼῖῴιυατμό
1986 2819 2162 2866 (semite
2196 2819 2422 2875 aulummtn.

461 2888 742 2941 bagelgeflbber
777 2893 850 2927 aue
890 2888 964 2938 ι’βηι
999 2887 1062 2938 sicit
1100 2888 1292 2927 cntlubcnb
1335 2890 1409 2928 unb
1441 2886 1551 2936 hurd>
1596 2884 1829 2938 ffssinbstbfie,
1865 2887 1920 2928 bie
1955 2886 2043 2927 halb
2070 2888 2120 2926 'oe
2159 2885 2246 2926 halb
2271 2885 2422 2937 bortbtt
