2708 3533
292 449 429 490 Ιωο-
453 445 851 498 azadowoiperent,
878 446 972 485 dum
1006 448 1114 486 infra
1137 449 1243 486 sitae
1266 449 1407 487 ambra
1429 449 1697 489 involvuntur,
1753 450 1868 486 Haec
1897 449 2029 486 omnia
2057 447 2170 495 vidit,
2207 448 2241 485 si

294 523 346 551 no
372 510 579 550 vooebnlo
597 511 654 548 uti
683 510 791 552 ticet.
844 511 974 550 Unum
1004 511 1041 548 oi
1070 511 1209 561 defuit,
1237 523 1313 549 nec
1341 512 1397 549 illi
1425 512 1569 560 sotum,
1598 512 1673 550 sed
1688 513 1850 550 omnino
1876 511 1958 548 illis
1986 511 2244 560 temporibus,

292 585 374 625 qao
399 573 454 612 ad
479 573 815 624 paupiciondaw
836 584 925 610 -rem
952 574 1220 625 ntiquoopus
1253 581 1335 613 est.·
1397 574 1503 611 Nam
1531 577 1690 613 etiamsi
1728 575 1919 612 divinavit
1956 585 2053 610 esse
2079 573 2242 623 aliquid,

292 635 403 689 quod
432 638 573 674 umbra
598 642 836 674 terr-enon
853 635 1076 676 involutum
1092 637 1194 676 lueis
1208 637 1499 688 aliquantulum
1517 649 1638 688 super
1665 646 1812 676 terram
1839 636 2079 686 effunderet,
2108 643 2243 674 tamen

293 700 347 738 ab
373 701 473 737 aare
497 705 643 737 terram
671 698 946 737 circumdante
971 711 1059 738 eam
1089 700 1218 739 lucem
1248 701 1401 738 reflecti
1423 701 1462 737 in
1491 706 1649 750 terram,
1680 713 1759 738 non
1789 700 1979 737 distincte
2007 711 2242 749 expressum

291 765 336 803 in
363 769 500 802 metite
526 763 677 803 habuit.
731 763 976 815 intelligitur
1006 764 1188 815 Dipsium
1214 765 1403 814 quamvis
1432 763 1601 814 alioquin
1630 766 1924 813 circumspecte
1952 770 2137 814 agentem
2169 763 2244 800 hoc

290 826 385 865 loco
405 826 544 879 inique
568 825 865 878 quodammodo
885 828 1039 879 egisse.
1092 829 1385 877 Interpretatur
1403 828 1507 864 enim
1534 839 1595 877 ea,
1622 827 1672 865 de
1700 827 1849 879 quibus
1870 828 1984 864 nobis
2009 838 2143 864 sermo
2162 833 2238 875 est,

294 889 404 928 huno
431 891 470 927 in
500 890 677 927 modum:
719 902 819 941 „pro
845 891 975 928 'faciti
1001 902 1125 928 sensu
1155 902 1236 928 nox
1261 891 1315 927 ibi
1338 890 1519 939 humilis,
1549 892 1640 939 quia
1666 893 1716 928 ab
1746 891 1897 928 umbris
1926 891 2031 938 est“;
2072 891 2150 928 hoc
2178 889 2244 927 ille

294 965 344 993 ax
370 964 494 993 sensu
523 954 731 1004 scriptoris
767 962 806 992 et
835 966 887 993 ex
913 955 1102 994 veritate.
1173 953 1231 992 At
1256 965 1354 992 vero
1379 964 1483 1004 quae
1511 960 1744 1003 sequuntur,
1774 965 1906 1004 neque
1933 953 1984 991 ab
2010 955 2099 1004 ipso
2128 953 2245 991 lucu-

293 1016 427 1055 lenter
451 1018 626 1068 cogitata
653 1029 747 1056 esse
774 1017 974 1066 videntur,
1006 1029 1138 1069 nequo
1166 1018 1365 1068 prioribus
1391 1016 1471 1054 iltis
1500 1017 1738 1066 respondent
1768 1024 1807 1054 et
1836 1018 1973 1067 inique
2000 1028 2095 1066 erga
2123 1016 2245 1053 Taci-

289 1086 377 1118 tum
401 1079 659 1118 dictasunt:
689 1080 882 1129 „umbrae
905 1086 1037 1118 antem
1071 1092 1149 1117 non
1172 1079 1293 1117 illic
1319 1080 1566 1130 eriguntur.⁴‘'
1640 1079 1844 1126 Quasnam
1880 1081 1919 1117 in
1949 1082 2135 1128 regiones
2165 1091 2242 1115 non

291 1140 538 1194 eriguntur?
596 1142 768 1179 Videtur
795 1142 961 1193 Lipsius
1001 1150 1132 1180 terrac
1168 1145 1355 1194 regiones
1383 1143 1611 1192 intelligere
1650 1144 1738 1181 ilias
1766 1150 1973 1180 extremae
2001 1143 2243 1192 Britanniae,

294 1212 434 1245 contra
464 1205 569 1257 quod
597 1207 806 1256 scriptoris
843 1207 975 1244 animo
1004 1207 1106 1244 coeli
1132 1208 1220 1244 sive
1251 1207 1358 1244 aeris
1387 1212 1529 1243 terram
1568 1207 1851 1244 circumdantis
1880 1206 2068 1256 regiones
2094 1206 2244 1243 obver-

293 1275 447 1319 santur,
476 1281 527 1307 ex
546 1281 624 1320 quo
653 1268 707 1306 illi
738 1269 921 1307 confusio
950 1275 987 1307 ct
1008 1271 1259 1308 conturbatio
1289 1270 1494 1307 notionum
1524 1270 1674 1309 existit.
1728 1270 1827 1306 Tum
1857 1269 1918 1306 sic
1936 1269 2089 1318 pergit:
2118 1278 2243 1317 „ergo

292 1331 406 1385 longi
437 1332 525 1370 dies
553 1339 590 1368 et
619 1343 788 1368 serenae
816 1339 957 1369 noctes
986 1344 1034 1369 ac
1058 1332 1192 1369 sidera
1225 1333 1354 1370 lucem
1383 1343 1498 1368 suam
1527 1338 1722 1380 spargunt
1761 1333 1852 1368 sine
1880 1330 2100 1368 obstaculo.
2156 1329 2245 1367 Nos

293 1395 399 1433 alias
426 1405 573 1432 causas
601 1396 753 1430 scimus
780 1401 818 1430 et
848 1405 871 1430 a
896 1394 995 1431 solis
1023 1396 1187 1432 cursu.“
1242 1394 1414 1432 Perinde
1441 1404 1490 1430 ac
1519 1394 1553 1430 si
1579 1394 1739 1431 Tacitus
1766 1394 1966 1431 sideribus
1996 1405 2083 1430 eam
2114 1395 2244 1430 noctis

294 1456 520 1497 claritatem
549 1455 686 1493 deberi
714 1458 877 1506 putarit,
902 1464 1023 1506 quum
1055 1464 1186 1494 tamen
1216 1468 1411 1507 expresse
1439 1457 1479 1493 iu
1512 1456 1649 1493 humili
1677 1457 1839 1493 umbrae
1866 1455 2049 1507 projectu
2078 1467 2242 1493 causam

292 1521 464 1573 positam
494 1519 613 1561 dicat,
680 1518 789 1556 Sane
816 1521 850 1556 si
878 1521 1108 1569 superiores
1137 1519 1332 1570 quaedam
1370 1520 1558 1569 regiones
1602 1518 1750 1556 idcirco
1776 1519 1905 1556 lucem
1940 1519 2103 1565 habent,
2149 1520 2246 1569 qnia

290 1583 432 1622 umbra
465 1588 596 1619 terrae
624 1593 647 1618 a
675 1582 762 1618 sole
789 1582 1044 1619 collustratae
1073 1582 1122 1619 ad
1150 1594 1221 1619 eas
1251 1595 1328 1620 non
1357 1583 1550 1631 erigitur,
1592 1584 1676 1619 sive
1704 1584 1795 1631 quia
1831 1584 1888 1619 ita
1916 1583 2021 1618 sitae
2047 1588 2167 1630 sunt,
2196 1588 2242 1618 ut

289 1646 422 1698 ipsius
449 1650 581 1682 terrae
620 1646 878 1694 interpositus
919 1645 1018 1682 solis
1049 1645 1170 1682 radiis
1198 1656 1269 1683 eas
1298 1646 1458 1695 privare
1495 1657 1573 1682 non
1606 1647 1754 1695 possit,
1797 1645 1893 1682 nihil
1930 1644 2038 1682 aliud
2065 1646 2142 1682 nisi
2175 1644 2237 1682 sol

289 1709 403 1750 illius
430 1709 532 1747 lucis
562 1708 652 1746 sons
680 1717 718 1746 et
747 1711 858 1759 origo
888 1715 965 1750 est.

452 1773 512 1810 De
544 1784 622 1822 quo
639 1774 766 1822 siquis
796 1774 1027 1809 etiamnunc
1057 1772 1260 1821 dubitarit,
1291 1772 1402 1809 tollet
1421 1772 1602 1821 profecto
1633 1784 1786 1809 omnem
1804 1771 2113 1820 dubitationem,
2141 1770 2249 1822 quod

289 1836 464 1888 legimus
493 1835 629 1873 Germ.
661 1847 694 1872 c.
725 1836 788 1881 45,
819 1847 896 1884 quo
927 1836 965 1872 in
996 1835 1082 1873 loco
1121 1835 1172 1872 de
1198 1835 1526 1885 septentrionalis
1545 1834 1787 1873 Germaniae
1816 1835 1974 1886 populis
1999 1836 2098 1872 haec
2114 1838 2249 1885 scrip—

287 1899 395 1938 toris
422 1900 548 1936 nostri
576 1900 718 1935 verba:
752 1905 985 1948 „extremus
1011 1900 1194 1936 cadentis
1216 1897 1298 1948 jam
1321 1899 1423 1937 solis
1452 1898 1585 1949 fulgor
1612 1900 1651 1937 in
1669 1905 1780 1936 ortus
1804 1898 1946 1935 edurat
1970 1899 2072 1936 adeo
2101 1899 2248 1946 clarus,

291 1968 335 2001 ut
363 1961 499 2000 sidera
526 1962 697 1999 hebetet.
751 1962 810 1997 En
838 1961 971 2011 fulgor
1000 1973 1077 1998 non
1107 1961 1268 1999 aliunde
1295 1973 1488 1999 emanans
1518 1964 1595 2000 nisi
1624 1975 1672 1999 ex
1700 1962 1801 2011 sole,
1829 1962 1929 1999 adeo
1958 1960 2026 2012 qui
2055 1973 2249 2012 expresse

287 2031 516 2078 opponatur
542 2025 717 2073 sequiori
745 2023 919 2061 siderum
952 2024 1030 2061 luci
1060 2031 1097 2061 et
1129 2032 1215 2062 ¹eam
1246 2025 1421 2064 hebetet.

452 2088 711 2126 Manifestum
742 2094 817 2136 est,
845 2099 1011 2137 prorsus
1039 2089 1078 2125 in
1108 2100 1197 2125 eum
1227 2099 1343 2138 quem
1374 2098 1495 2138 supra
1514 2090 1794 2138 proposuimus
1823 2087 1979 2125 modum
2009 2088 2246 2138 accipienda

293 2163 389 2190 esse
417 2152 626 2201 scriptoris
654 2153 789 2191 verba,

453 2215 542 2253 Una
564 2226 662 2251 vox:
693 2214 839 2263 „plana
860 2218 1085 2250 terrarum“
1114 2213 1390 2251 difficultatem
1419 2214 1551 2262 habet,
1583 2220 1623 2252 ut
1654 2215 1738 2252 fere
1758 2216 1900 2263 omnia,
1927 2215 2073 2265 quibus
2095 2215 2245 2252 obscu-

293 2278 374 2317 rior
400 2277 535 2329 aliqua
562 2283 600 2314 et
630 2277 835 2315 confusior
864 2277 969 2314 notio
997 2278 1153 2318 subest.
1209 2276 1420 2327 Dispicere
1451 2285 1608 2328 tamen,
1637 2278 1733 2330 quid
1762 2279 1915 2328 subsit,
1943 2278 2049 2329 quod
2078 2279 2241 2329 assequi

292 2342 538 2392 cogitatione
565 2341 682 2386 velit,
712 2341 815 2377 haud
845 2341 963 2376 dubie
996 2342 1142 2389 possis,
1171 2342 1206 2377 si
1231 2348 1408 2378 tenorem
1439 2343 1632 2378 orationis
1662 2343 1975 2391 comparaveris,
2032 2342 2240 2379 Planitiem

293 2405 476 2457 quidem,
518 2417 622 2456 quae
650 2404 772 2454 vulgo
798 2403 963 2446 dicitur,
1003 2405 1238 2454 scriptorem
1267 2405 1345 2442 sibi
1374 2416 1454 2441 non
1483 2406 1746 2454 proposuisse
1776 2405 1896 2442 facite
1923 2411 1985 2442 est
2014 2404 2240 2454 intellectu3

287 2474 426 2520 noque
461 2469 564 2505 enim
596 2474 771 2504 extrema
799 2466 1003 2503 Britannia
1031 2478 1078 2503 eo
1105 2477 1229 2503 sensu
1258 2469 1373 2504 vocis
1399 2467 1520 2517 plana
1548 2474 1633 2514 est,
1676 2479 1807 2517 neque
1834 2470 1870 2504 si
1899 2475 2028 2516 esset,
2065 2468 2115 2505 ad
2142 2467 2240 2504 solis

293 2543 454 2570 cursum
484 2543 668 2581 quaeque
697 2529 788 2567 inde
808 2535 1119 2578 consequuntur,
1149 2529 1269 2567 ullius
1297 2530 1337 2568 id
1362 2530 1551 2567 momenti
1581 2529 1696 2578 foret,
1726 2538 1765 2568 et
1793 2531 2051 2568 manifestum
2079 2532 2240 2579 insuper

292 2597 373 2644 eat,
400 2594 637 2645 scriptorem
668 2604 744 2629 non
765 2592 814 2628 de
843 2591 1005 2628 fortuita
1025 2591 1263 2642 aliquapiam
1296 2593 1398 2630 facie
1427 2591 1535 2629 iltius
1563 2598 1692 2630 terrae
1721 2593 1841 2644 loqui,
1870 2593 1942 2630 sed
1973 2593 2022 2631 de
2044 2591 2239 2642 ejusmodi

292 2656 547 2706 conditione,
588 2668 691 2706 quae
731 2668 777 2692 ex
815 2654 960 2703 majore
989 2654 1197 2691 latitudine
1224 2655 1497 2705 geographica
1539 2658 1769 2693 necessario
1798 2664 2080 2705 consequatur.
2145 2655 2241 2692 Jam

293 2731 415 2771 quum
446 2719 566 2770 plana
588 2720 710 2770 vulgo
731 2718 927 2766 dicantur,
956 2730 1119 2769 quorum
1150 2731 1194 2755 ea
1224 2719 1369 2769 positio
1400 2725 1476 2766 est,
1505 2724 1547 2755 ut
1574 2729 1698 2768 supra
1726 2725 1871 2756 certam
1901 2718 2073 2769 aliquam
2096 2717 2243 2757 lineam

290 2784 382 2822 aive
408 2784 616 2832 amussim,
647 2796 694 2820 ex
723 2795 802 2832 qua
831 2783 963 2820 omnia
994 2782 1190 2820 metienda
1212 2783 1306 2830 sint,
1334 2782 1401 2820 vel
1427 2784 1587 2820 omnino
1616 2794 1693 2819 non
1724 2781 1790 2818 vel
1820 2794 1896 2819 non
1926 2783 2091 2820 multum
2113 2782 2245 2821 extol-

292 2846 438 2898 lantur,
467 2846 608 2898 planae
637 2857 660 2883 a
685 2848 883 2895 scriptore
912 2851 952 2883 et
979 2846 1072 2884 illae
1101 2851 1143 2883 et
1171 2856 1310 2883 omnes
1339 2845 1502 2895 majoris
1531 2844 1752 2882 latitudinis
1780 2845 1969 2895 regiones
1997 2846 2059 2884 vix
2088 2845 2165 2884 alia
2193 2845 2244 2883 de

290 2921 419 2949 causa
459 2912 596 2949 vocari
638 2916 866 2961 potuerunt,
908 2922 1025 2961 quam
1069 2911 1162 2962 quia
1198 2910 1353 2947 aestivo
1390 2908 1549 2961 quidem
1589 2914 1770 2959 tempore
1807 2921 1885 2946 non
1922 2909 2088 2947 multum
2123 2921 2245 2960 supra

1941 2973 1968 3011 2
