2708 3533
1370 278 1405 319 4

408 405 629 446 clarissimi
669 407 743 446 viri
786 407 912 446 vitam
945 406 1101 447 edituro
1138 406 1187 446 ad
1226 405 1419 448 Caesaris
1460 410 1679 460 potentiam
1718 406 2032 461 confugiendum
2065 413 2172 459 erat,
2209 419 2366 451 morum

408 470 659 521 corruptelae
692 471 900 509 etiamtum
930 470 1148 509 obtinentis
1193 477 1232 508 et
1262 476 1546 510 accusatorum
1576 473 1775 511 saevitiae
1801 485 1958 511 omnem
1987 471 2145 510 modum
2173 482 2370 522 egressae

410 545 499 572 eum
530 533 861 582 commonefecit,
903 544 981 584 qua
1006 532 1058 571 de
1086 544 1211 571 causa
1251 534 1515 573 recentiorem
1547 541 1721 573 aetatem
1758 546 1848 574 cum
1885 536 2019 587 priore
2044 545 2281 586 comparans
2309 533 2369 586 id,

409 597 460 635 de
489 609 567 648 quo
590 597 707 635 nobis
735 609 867 635 sermo
896 602 982 646 est,
1010 596 1159 647 adjicit.

565 659 708 710 ltaque
741 659 777 697 si
807 659 926 697 animi
963 669 1087 697 sensa
1115 658 1297 710 pluribus
1326 660 1460 698 verbis
1488 659 1659 711 exsequi
1696 671 1745 698 ac
1772 660 1895 711 plane
1921 661 2131 698 enuntiare
2153 659 2366 710 voluisset,

406 722 466 759 sic
510 721 595 759 fere
635 722 808 760 locutum
853 721 940 760 fore
969 722 1189 772 putandum
1225 728 1306 760 est:
1362 722 1477 761 Prior
1513 728 1628 760 aetas
1663 728 1705 760 ut
1734 724 1952 761 virtutibus
1992 723 2195 773 secunda,
2231 723 2288 761 ita
2312 721 2366 761 ad

408 784 693 834 agnoscendas
728 783 802 822 fuit
829 796 980 836 prona,
1009 785 1060 823 ad
1090 791 1199 823 recte
1226 785 1498 824 aestimandas
1523 785 1669 824 idonea
1697 784 1798 823 adeo
1816 814 1828 836 ,
1854 791 1898 824 ut
1925 784 2173 825 clarissimus
2192 788 2368 838 quisque

406 858 522 885 suam
551 848 642 898 ipse
669 848 794 886 vitam
836 848 927 885 sine
963 847 1109 886 damno
1145 847 1240 885 fidei
1287 860 1336 886 ac
1374 848 1505 886 famae
1542 848 1771 886 describere
1807 850 1993 898 potuerit.
2063 849 2215 888 Nostra
2250 856 2367 888 aetas

409 910 532 963 longe
559 911 736 949 diversa.
791 912 906 949 Haec
935 911 1040 949 enim
1068 916 1109 948 et
1136 912 1328 951 virtutum
1358 923 1488 964 egena
1516 918 1600 963 est,
1644 919 1683 950 et
1710 913 1868 964 siquam
1894 911 2108 963 aliquando
2136 913 2365 964 progenuit,

409 975 584 1012 invisam
613 975 755 1025 habet,
793 976 849 1013 ita
875 981 918 1012 ut
944 986 995 1011 ne
1023 974 1204 1012 defuncti
1229 974 1391 1025 quidem
1420 977 1543 1014 vitam
1573 988 1761 1014 enarrare
1790 975 1944 1027 possis,
1973 976 2069 1027 quin
2098 976 2289 1015 invidiam
2318 987 2367 1015 ac

408 1037 591 1088 pericula
619 1038 876 1075 extimescas.
933 1034 1075 1084 Quid?
1104 1036 1210 1088 quod
1237 1038 1332 1076 mihi
1359 1040 1495 1089 etiam,
1523 1050 1751 1091 quanquam
1781 1050 1805 1076 a
1834 1037 2013 1089 principe
2039 1039 2198 1090 quidem
2226 1039 2368 1079 melior

404 1100 491 1151 jam
520 1107 631 1138 aetas
650 1101 820 1151 occepit,
848 1105 984 1138 tamen
1013 1100 1106 1152 quia
1134 1099 1310 1141 tardiora
1327 1107 1426 1142 suut
1452 1101 1630 1142 remedia
1656 1114 1772 1152 quam
1804 1101 1922 1152 mala,
1950 1107 2166 1154 antequam
2186 1101 2364 1142 libellum

407 1163 516 1202 hunc
543 1165 582 1201 in
612 1163 813 1214 publicum
848 1164 1097 1212 emitterem,
1124 1163 1244 1200 venia
1272 1176 1294 1200 a
1321 1164 1504 1215 principe
1531 1165 1708 1216 petenda
1736 1165 1831 1214 fuit,
1857 1175 1937 1215 qua
1964 1165 2003 1202 in
2031 1170 2116 1203 tuto
2144 1164 2368 1204 collocarer

410 1228 457 1264 ab
497 1227 864 1275 obtrectatoribus;
898 1238 1018 1277 quam
1057 1227 1217 1264 veniam
1247 1227 1297 1263 ab
1327 1227 1404 1264 hoc
1432 1228 1617 1266 videlicet
1644 1228 1825 1278 principe
1854 1239 1932 1265 non
1959 1229 2168 1278 petissem,
2203 1228 2243 1265 ni
2269 1239 2367 1265 cur-

407 1296 570 1328 saturus
600 1296 678 1328 tam
707 1302 835 1329 saeva
861 1295 901 1328 et
929 1290 1080 1329 infesta
1105 1290 1323 1329 virtutibus
1351 1297 1545 1343 tempora,
1573 1303 1679 1343 quae
1696 1291 1954 1340 describenti,
1981 1302 2032 1341 ne
2056 1290 2203 1331 multos
2230 1289 2367 1328 offen-

408 1353 844 1405 derem,·metuendum
875 1353 962 1392 fuit.
1661 1350 1664 1353 ’

567 1417 774 1456 Fortassis
801 1419 968 1456 Tacitus
996 1418 1122 1455 vitam
1151 1418 1281 1454 soceri
1309 1417 1421 1467 prius
1443 1416 1655 1468 legendam
1682 1419 1892 1468 proposuit
1910 1415 2092 1469 Caesari,
2120 1424 2158 1455 et
2179 1418 2366 1456 hortante

406 1481 488 1531 illo,
517 1487 560 1519 ut
589 1493 760 1520 securus
787 1483 908 1520 animi
936 1483 977 1519 in
1006 1481 1206 1531 publicum
1236 1481 1449 1529 emitteret,
1494 1487 1575 1518 tum
1604 1480 1763 1521 demum
1791 1481 1858 1519 vel
1886 1493 2042 1519 omnem
2072 1480 2364 1531 praefationem

407 1557 497 1597 cap.
530 1544 653 1595 1-3,
683 1544 748 1583 vel
776 1544 917 1583 saltem
946 1545 1061 1595 haec,
1091 1543 1142 1582 de
1168 1543 1315 1595 quibus
1344 1543 1461 1581 nobis
1488 1554 1620 1582 sermo
1648 1549 1726 1594 est,
1754 1544 1880 1582 verba
1907 1543 2065 1595 adjecit.

568 1608 614 1646 Si
643 1621 782 1646 verum
813 1609 920 1659 vidi,
949 1609 1077 1657 haec,
1106 1618 1210 1657 quae
1236 1607 1374 1658 attuli,
1404 1606 1639 1645 suffecerint
1668 1608 1715 1644 ad
1744 1607 2081 1658 comprobandam
2107 1608 2366 1645 senteutiam.

408 1672 574 1708 Veritas
611 1674 715 1710 enim
767 1675 907 1721 paucis
943 1673 1177 1711 absolvitur.
1249 1672 1440 1709 Proxime
1475 1671 1568 1708 mihi
1604 1671 1656 1708 ad
1698 1672 1784 1709 veri
1825 1672 2093 1721 cognitionem
2132 1671 2365 1708 accessisse

408 1733 632 1773 Walchius
666 1734 848 1786 videtur,
877 1736 942 1773 cui
971 1735 1077 1774 idem
1104 1746 1233 1786 genus
1258 1733 1461 1775 hominum
1485 1740 1580 1771 ante
1608 1732 1749 1772 oculos
1777 1740 1971 1783 versatur,
2001 1732 2107 1784 quod
2137 1732 2254 1782 mihi3
2292 1731 2369 1772 sed

409 1798 449 1835 in
479 1810 528 1836 eo
551 1800 708 1847 erravit,
737 1798 843 1848 quod
872 1798 1054 1837 Tacitum
1087 1799 1136 1836 ab
1169 1799 1217 1836 iis
1244 1798 1399 1836 veniam
1430 1797 1600 1847 petiisse
1628 1819 1679 1827 —
1709 1798 1944 1849 aequissimi
1980 1797 2100 1836 credo
2122 1794 2266 1846 judicii
2289 1795 2367 1836 ho-

409 1862 582 1899 minibus
612 1884 658 1891 —
688 1868 841 1911 censet,
870 1874 992 1911 quum
1022 1868 1182 1912 propter
1211 1872 1284 1899 eos
1311 1873 1337 1898 a
1366 1859 1544 1899 Caesare
1570 1861 1741 1910 petierit.

568 1922 684 1971 Quod
715 1925 938 1975 principem
978 1926 1149 1976 scriptor
1179 1936 1230 1961 ne
1267 1923 1393 1962 verbo
1421 1922 1581 1974 quidem
1611 1928 1918 1974 commemorat,
1945 1933 2066 1974 quum
2100 1927 2236 1960 tamen
2273 1932 2366 1962 eum

410 1988 573 2037 cogitet,
604 1988 659 2024 nil
690 1989 843 2025 mirum.
899 1989 976 2025 Est
1003 1991 1108 2026 enim
1136 1990 1175 2026 in
1205 1999 1283 2026 usu
1307 1987 1558 2036 hominibus,
1587 1986 1638 2024 de
1664 1987 1810 2025 summi
1839 1987 1990 2036 fastigii
2018 1986 2117 2023 viris
2144 1997 2216 2036 per
2243 1996 2366 2023 vere-

408 2050 594 2089 cundiam
623 2050 828 2101 quandam
861 2063 940 2089 non
970 2052 1200 2089 nominatim
1213 2050 1339 2100 loqui,
1367 2060 1416 2088 ac
1434 2049 1642 2088 Taciteum
1666 2048 1706 2087 id
1725 2049 1932 2099 inprimis:
1972 2048 2022 2087 ad
2048 2048 2153 2098 quod
2176 2059 2368 2098 compro-

413 2112 587 2150 bandum
619 2114 774 2164 possim
812 2113 960 2151 multos
987 2114 1098 2151 locos
1127 2113 1294 2161 afferre,
1333 2111 1410 2152 sed
1445 2113 1486 2151 in
1513 2124 1594 2151 uno
1621 2113 1811 2162 subsisto,
1851 2110 1999 2153 Annal,
2024 2110 2066 2160 3,
2097 2111 2166 2150 15:
2209 2110 2365 2151 Eadem

408 2176 632 2215 Plancinae
660 2176 826 2223 invidia,
856 2176 982 2226 major
1007 2178 1158 2227 gratia:
1201 2175 1394 2216 videlicet
1422 2175 1527 2226 apud
1556 2173 1754 2213 Tiberium
1785 2181 1825 2214 et
1852 2176 2090 2224 Augustam.

1154 2363 1335 2414 Atrio,
1374 2372 1492 2412 cap.
1534 2361 1620 2407 12.

771 2484 993 2545 „Dim
1023 2491 1175 2542 ‘path‘
1243 2514 1256 2526 ·
1321 2515 1331 2525 ·
1401 2513 1411 2525 ·
1476 2512 1489 2527 ο
1553 2491 1599 2533 et
1624 2486 1776 2529 sidera
1805 2497 1900 2525 nox
1932 2474 2094 2525 cadit.“

574 2608 868 2649 Defendendus
907 2610 987 2649 hoc
1022 2609 1111 2649 loco
1146 2609 1313 2649 Tacitus
1355 2608 1402 2647 ab
1439 2608 1651 2662 iniquitate
1685 2606 1856 2660 quadam
1893 2606 2163 2656 interpretum.
2229 2601 2364 2642 Video

414 2673 519 2710 enim
551 2679 590 2710 et
618 2674 798 2724 Lipsium
826 2685 949 2712 secus
973 2674 1157 2723 judicare
1184 2684 1233 2712 ac
1260 2683 1327 2710 res
1357 2672 1463 2723 fert,
1490 2678 1533 2710 ut
1564 2673 1632 2724 qui
1661 2677 1860 2723 quatenus
1895 2668 1944 2707 ad
1978 2669 2065 2706 veri
2092 2667 2362 2718 cognitionem

412 2738 454 2777 in
482 2737 548 2776 his
577 2738 695 2775 rebus
735 2739 957 2777 accesserit
988 2739 1182 2788 scriptor,
1207 2736 1338 2775 minus
1374 2738 1669 2786 circumspecte
1711 2736 1897 2772 aestimet
1939 2738 2061 2782 atque
2088 2730 2362 2770 obscuriorem

413 2799 618 2853 quandam
647 2802 846 2841 notionem
885 2801 1018 2840 animo
1045 2800 1133 2852 ejus
1162 2799 1443 2849 obversatam,
1482 2798 1533 2838 de
1565 2809 1646 2852 qua
1672 2795 2072 2846 infra'disseremus,
2108 2794 2150 2834 in
2186 2803 2362 2851 errorem

409 2871 593 2916 apertum
622 2871 862 2915 exaggeret3
891 2870 932 2901 et
958 2865 1135 2917 iniquior
1162 2865 1281 2901 etiam
1309 2863 1378 2901 illo
1397 2862 1592 2911 Savilius,
1621 2864 1689 2913 qui
1716 2862 1883 2913 „mirum
1909 2859 2037 2898 videri
2066 2859 2133 2909 ait,
2162 2854 2362 2910 quomodo
