2708 3533
413 423 674 474 traditurum,
715 424 796 476 ipsi
837 430 949 463 certe
974 425 1165 475 scriptori
1192 425 1293 464 nibil
1323 425 1470 477 culpae
1495 425 1776 478 imputandum
1797 432 1896 466 ost.⁴
1942 425 2117 466 Pron-⁸
2139 431 2275 466 aote-
2302 438 2374 467 ro-

409 486 590 537 jicienda
619 493 716 525 sunt
743 487 814 526 illa
831 486 1004 525 Savilii:
1032 488 1173 525 mirum
1190 487 1336 538 videri,
1362 488 1563 538 quomodo
1582 501 1664 528 nox
1692 500 1787 527 esso
1814 489 1983 540 potnerit
2008 489 2230 540 conspicuo
2245 489 2371 528 otia·

413 550 525 599 sole;
553 561 689 601 neque
714 551 822 588 enim
850 549 976 587 solem
1004 550 1135 599 ipsum
1165 563 1239 600 per
1265 557 1423 588 noctem
1453 552 1636 602 conspici
1663 552 1784 600 dicit,
1825 551 2029 589 sedaolis
2056 550 2280 603 fulgoremg
2320 563 2371 591 ac

414 619 575 652 noctem
603 612 867 665 iti-temporis
894 613 1072 664 spatium
1100 620 1244 661 vocat,
1273 627 1344 665 per
1368 613 1478 666 quod
1503 615 1567 653 sol
1595 615 1686 666 ipso
1715 615 1791 653 sub
1818 613 1977 652 finitore
2004 620 2206 653 versatur.

763 718 896 779 „Nec
927 724 1124 766 occidere
1155 728 1201 766 et
1228 737 1472 781 εει-ωριτε,
1505 724 1584 766 red
1613 703 2163 781 transire-(afflant)“

573 822 897 875 Distinguendus
932 824 974 862 in
1011 823 1125 862 hisce
1162 824 1300 862 verbis
1335 835 1482 863 sensns
1516 824 1698 862 strictior
1727 834 1752 861 tt
1778 823 1933 866 latiore.
2000 823 2212 865 strictiore
2245 836 2369 864 sensu

417 893 540 939 negat
568 888 738 926 Tacitus
765 886 952 926 occidere
988 894 1027 925 et
1055 899 1274 939 exsurgere
1303 888 1454 938 solem,
1495 887 1637 926 latiore
1665 898 1746 925 non
1773 892 1918 938 negat3
1956 887 1984 926 i.
2010 900 2047 928 e.
2077 888 2184 940 quod
2204 890 2252 927 in
2280 888 2370 927 aliis

415 962 464 989 ac
495 952 777 991 remotioribus
805 963 829 989 a
856 953 1134 1002 septentrione
1159 952 1390 1003 regionibus
1420 963 1597 991 occasus
1626 957 1664 989 et
1693 956 1807 989 ortus
1833 949 1934 988 solis
1960 949 2131 1004 dicitur,
2160 952 2200 992 id
2228 954 2269 992 in
2297 965 2372 991 ex-

416 1021 546 1052 trema
574 1015 809 1053 Britanniae
834 1020 962 1065 perte,
990 1020 1033 1052 ut
1061 1015 1170 1052 circs
1195 1015 1410 1053 solstitium
1430 1016 1631 1054 aestivum
1659 1026 1707 1052 se
1735 1024 1801 1053 res
1827 1012 1962 1063 babet,
1988 1014 2139 1054 rectius
2166 1016 2203 1054 ei
2230 1015 2373 1063 dicen-2

415 1076 508 1114 dum
553 1075 709 1114 videtur
748 1077 977 1127 „transitus
1006 1076 1107 1114 solis
1134 1077 1184 1114 ab
1212 1076 1338 1115 altero
1379 1078 1503 1116 lutere
1542 1077 1712 1116 finitoris
1752 1078 1795 1116 in
1832 1076 2041 1119 alterum“.
2108 1076 2203 1125 (Die
2231 1078 2371 1136 &qnae

413 1137 500 1192 gebe
528 1138 621 1189 nicht
658 1137 917 1190 cigentlicb
952 1142 1062 1178 unter
1098 1140 1175 1178 nub
1203 1138 1291 1189 auf,
1334 1138 1489 1189 fonbrrn
1519 1152 1595 1185 nur
1620 1140 1705 1192 bart
1733 1144 1844 1181 nutet
1870 1142 1950 1186 ‚brut
1976 1140 2177 1190 &erigente
2205 1140 2369 1183 ”erubet

412 1208 490 1242 von
519 1201 617 1242 tinet
645 1200 754 1243 &rite
783 1198 854 1250 auf
878 1200 933 1240 bie
961 1200 1116 1250 nubere,
1144 1208 1221 1242 υοη
1249 1203 1312 1241 bct
1345 1202 1540 1253 mefssitbtn
1570 1201 1640 1246 anf
1664 1201 1720 1242 bie
1747 1201 1918 1252 ὄβῐίῴι.)
1984 1204 2030 1240 ln
2059 1214 2138 1254 quo
2166 1210 2277 1242 reete
2297 1203 2370 1253 Ju-

410 1264 533 1303 dicat.
600 1263 706 1303 Nam
735 1263 922 1303 occider-e
959 1268 998 1302 et
1027 1275 1247 1314 exsurgere
1275 1264 1399 1316 vulgo
1427 1277 1476 1304 es
1506 1265 1715 1313 dicuntur,
1756 1275 1923 1315 qnorum
1953 1267 2089 1304 motus
2115 1271 2370 1316 comparatus

412 1338 503 1364 cum
532 1327 639 1364 linea
666 1326 832 1377 globum
862 1332 993 1363 terrae
1023 1326 1170 1366 ibidem
1200 1329 1459 1379 contingente
1486 1340 1511 1366 a
1529 1335 1641 1366 recto
1669 1327 1818 1377 angulo
1846 1327 1955 1369 haud
1982 1328 2040 1365 ita
2057 1327 2225 1369 multum
2253 1338 2373 1367 rece-

410 1388 492 1439 dit;
530 1395 571 1426 at
599 1401 697 1427 vero
728 1389 770 1426 in
798 1389 850 1426 iis
877 1388 1000 1438 locis,
1030 1389 1081 1427 de
1108 1391 1253 1440 quibus
1280 1390 1396 1428 nobis
1423 1402 1557 1429 sermo
1585 1396 1672 1441 est,
1695 1390 1758 1427 sol
1785 1389 1861 1427 sub
1889 1389 2087 1428 finitorem
2110 1389 2372 1430 descendens

413 1463 462 1491 ac
490 1463 648 1491 rursum
689 1462 913 1503 exsurgens
957 1450 1170 1490 admodum
1214 1452 1416 1504 obliquum
1455 1453 1645 1504 singulum
1675 1452 1801 1491 efficit
1841 1457 1883 1489 et
1911 1462 2130 1505 paucorum
2171 1451 2371 1503 graduum

410 1527 550 1554 arcum
589 1526 826 1565 paucosque
852 1514 1005 1565 gradus
1047 1516 1186 1554 subter
1212 1516 1407 1555 finitorem
1447 1516 1667 1567 depressus
1709 1527 1871 1555 cursum
1913 1521 2149 1554 nocturnum
2178 1515 2373 1565 ubsolvit,

410 1580 468 1617 ita
494 1584 540 1617 ut
565 1579 602 1617 si
629 1577 770 1617 oculos
798 1577 838 1616 in
867 1576 1220 1628 septentrionalem
1243 1579 1447 1631 regionem
1476 1579 1578 1618 coeli
1608 1589 1832 1618 conversos
1856 1583 2014 1627 teneas,
2037 1584 2273 1617 noc-turnum
2293 1577 2372 1617 boc

410 1643 487 1681 iter
515 1653 634 1680 omne
662 1641 852 1692 persequi
881 1641 1019 1691 possis
1055 1647 1095 1678 et
1124 1654 1176 1680 ex
1204 1641 1294 1680 foco
1322 1641 1493 1694 fulgoris
1522 1642 1725 1694 divinare,
1755 1653 1874 1694 quem
1913 1639 1976 1695 sol
2004 1652 2165 1694 quoque
2192 1647 2373 1693 temporo

413 1706 555 1745 subter
581 1704 743 1744 finitore
772 1703 904 1743 locum
922 1709 1069 1741 teneat.
1127 1703 1282 1753 Quodsi
1301 1717 1432 1757 usque
1459 1706 1509 1744 ad
1532 1706 1629 1757 667,
1655 1705 1853 1758 graduum
1876 1703 2123 1744 latitudInem
2152 1716 2372 1757 processe-

412 1771 492 1820 ris,
515 1769 598 1820 jam
630 1769 672 1806 in
700 1768 788 1818 ipso
815 1767 992 1805 solstitio
1018 1769 1173 1806 aestivo
1201 1781 1321 1807 unum
1351 1776 1392 1807 te
1419 1769 1523 1808 diem
1552 1769 1722 1819 habere,
1752 1781 1832 1820 quo
1860 1768 1922 1807 sol
1951 1780 2030 1806 non
2058 1767 2250 1806 occidens
2277 1767 2374 1806 fini-

414 1839 541 1871 torem
570 1830 844 1869 tantummodo
873 1831 1070 1880 attingat,
1099 1831 1306 1882 vulgatum
1331 1838 1407 1870 est.
1480 1831 1613 1879 Quum
1641 1833 1697 1870 ita
1725 1843 1772 1869 se
1800 1843 1866 1869 res
1896 1832 2064 1881 habeat,
2093 1831 2188 1882 quid
2215 1833 2376 1880 mirum,

418 1895 527 1948 qnod
555 1895 682 1934 solem
723 1906 803 1932 non
843 1900 927 1931 tam
965 1892 1151 1931 occidere
1187 1901 1227 1933 et
1268 1906 1489 1945 exsurgere
1525 1906 1644 1946 quam
1686 1895 1825 1944 (brevi
1853 1906 1973 1933 cursu
2002 1899 2044 1932 et
2071 1894 2185 1946 quasi
2211 1905 2374 1945 semper

417 1958 702 2009 conspicuum)
731 1957 781 1994 ab
806 1955 933 1994 altero
960 1956 1002 1994 in
1032 1956 1202 1994 alterum
1232 1957 1340 1995 latus
1365 1959 1539 1996 transire
1567 1955 1693 1996 dicit?

890 2058 1108 2121 „Scilicet
1135 2069 1333 2106 extrema
1362 2078 1418 2106 ac
1441 2067 1584 2122 plana
1608 2070 1838 2123 tmarwm,

885 2136 1042 2178 humili
1072 2139 1237 2195 umbra,
1272 2151 1363 2180 non
1393 2143 1568 2194 myunt
1592 2139 1802 2195 tenebras,

886 2208 1099 2268 infraque
1129 2211 1295 2252 coelum
1322 2215 1368 2253 et
1393 2212 1543 2252 sidera
1572 2225 1666 2254 nox
1699 2205 1866 2253 cadit.“

572 2314 755 2353 Locutus
784 2313 835 2352 de
863 2313 1015 2352 dierum
1045 2313 1208 2362 spatiis,
1247 2311 1298 2349 de
1324 2313 1456 2351 noctis
1482 2312 1677 2362 claritate,
1719 2312 1771 2351 de
1804 2312 2043 2364 crepusculo
2080 2313 2122 2351 iu
2151 2311 2369 2352 diluculum

414 2377 608 2417 edurante
630 2384 862 2430 postremo,
905 2375 1012 2417 uude
1041 2387 1168 2414 rernm
1207 2376 1257 2413 ob
1296 2375 1433 2420 Italico
1462 2376 1560 2414 orbe
1587 2374 1689 2414 adeo
1730 2374 2043 2427 discrepantium
2071 2373 2290 2426 repetenda
2317 2375 2373 2414 sit

414 2452 553 2491 causa,
582 2441 734 2491 adjicit.
796 2441 846 2478 Et
878 2439 1039 2490 quidem
1068 2440 1192 2477 menti
1219 2439 1308 2489 ejus
1344 2439 1385 2477 id
1413 2439 1623 2477 obversari
1649 2438 1860 2489 videmus,
1898 2440 1940 2476 iu
1966 2450 2048 2489 qno
2084 2450 2223 2476 revera
2249 2449 2374 2475 censa

414 2504 548 2555 posita
573 2510 659 2553 eat3
687 2510 735 2542 at.
756 2516 851 2542 vero
878 2509 922 2541 ut
950 2502 1019 2541 ills
1046 2508 1182 2539 aetate
1211 2504 1342 2540 minus
1370 2509 1644 2553 perspectum.
1696 2502 1809 2541 Vidit
1838 2502 2023 2552 scriptor,
2052 2508 2094 2540 ut
2122 2513 2223 2540 vox:
2269 2512 2374 2551 „ex—

417 2572 547 2604 trema
572 2567 795 2604 terrarum“
824 2564 989 2614 indicat,
1020 2575 1045 2602 a
1071 2563 1223 2614 majore
1250 2564 1460 2603 latitudine
1483 2565 1758 2618 geographica
1784 2563 1962 2616 pendere
1987 2563 2055 2601 illa
2083 2564 2134 2601 ab
2161 2565 2258 2602 orbe
2283 2563 2375 2602 Ro-

420 2640 537 2667 mauo
563 2629 845 2679 abhorrentia3
886 2627 1008 2677 vidit,
1037 2627 1077 2665 id
1107 2626 1213 2679 quod
1241 2639 1344 2665 voce
1369 2628 1515 2679 „plana
1544 2627 1767 2666 terrarum“
1804 2627 1992 2677 quamvis
2019 2626 2190 2665 obscure
2213 2627 2376 2678 signifi-

421 2697 511 2742 cet,
539 2693 727 2744 regiones
756 2692 1020 2744 septentrioni
1051 2692 1258 2743 propiores
1295 2704 1343 2730 en
1370 2693 1459 2744 ipsa
1487 2691 1539 2731 de
1565 2702 1713 2741 causa,
1755 2690 1850 2742 quia
1875 2690 2138 2742 septentrioni
2163 2691 2374 2744 propiores

419 2761 585 2805 esseut,
621 2768 692 2806 per
718 2757 933 2796 solstitium
963 2757 1162 2795 aestivum
1192 2761 1428 2795 nocturnum
1454 2767 1620 2794 cursum
1646 2754 1748 2793 solis
1773 2753 1996 2804 propiorem
2026 2754 2188 2805 habere,
2215 2754 2267 2793 do
2293 2766 2376 2805 qno

418 2817 527 2856 inl'rn
554 2817 736 2868 pluribus
763 2819 1031 2869 disseremus3
1076 2818 1180 2857 vidit
1215 2820 1347 2857 noctis
1383 2820 1576 2858 tenebras
1612 2817 1787 2867 mitigari
1814 2829 1885 2867 eo,
1926 2817 2034 2869 quod
2064 2817 2117 2857 ad
2142 2818 2375 2869 superiores

418 2880 615 2933 quasdem
639 2882 743 2920 coeli
761 2885 946 2934 regiones
963 2896 1042 2922 non
1061 2885 1290 2935 erigeretur
1308 2885 1462 2932 timbre,
1489 2883 1576 2920 sive
1597 2879 1703 2932 quod
1722 2882 1951 2932 superiores
1967 2881 2164 2934 quaedam
2184 2881 2378 2932 regiones
