2708 3533
1410 309 1474 350 la

458 434 560 485 ipsis
587 445 690 485 opus
718 436 789 482 sit,
821 436 1011 477 frumenti
1029 452 1089 489 eo,
1121 453 1199 492 quo
1228 440 1414 481 venditor
1435 441 1548 492 velit,
1577 443 1705 494 pretio
1733 448 1881 482 emant.
1936 440 2053 490 Quae
2080 454 2179 481 vero
2212 441 2264 480 de
2289 441 2425 482 Buto-

458 509 646 548 paeorum
677 500 717 536 in
752 500 945 539 Amet-ica
973 503 1141 542 coloniis
1169 504 1436 556 proferuntur,
1464 505 1568 543 haec
1594 506 1634 544 in
1664 510 1843 543 nostrum
1872 505 2002 543 iocum
2031 504 2183 543 idcirco
2213 516 2291 543 nou
2319 515 2423 543 eon-

459 562 641 611 veniunt,
671 563 766 612 quia
784 564 857 612 sal,
888 565 1048 615 serrum,
1077 579 1207 617 genus
1225 579 1343 606 omne
1371 567 1636 618 metallorum,
1664 568 1770 618 quod
1801 569 1950 618 ubique
1976 569 2053 606 sub
2073 575 2181 606 terra
2203 568 2422 618 invenitur,

458 635 538 661 non
568 625 823 676 singulorum
846 640 952 680 esse,
981 631 1048 681 qui
1078 630 1180 668 sorte
1210 631 1375 670 fundum
1405 629 1653 683 possideant,
1681 629 1755 668 sed
1784 631 1824 669 in
1853 630 2060 682 regalibus
2083 630 2308 671 habendum
2335 631 2423 670 sive

458 688 614 725 aerario
641 689 804 738 publico
845 692 1124 731 vindicandum
1167 694 1260 731 inde
1302 694 1352 732 ab
1394 693 1710 744 omnitempore
1740 693 1828 744 lege
1869 695 2072 732 sancitum
2102 694 2193 736 fuit.
2260 693 2419 741 Quodsi

465 751 559 800 quis
589 750 639 789 ad
669 758 828 804 tempus
857 756 1131 795 tantummodo
1157 769 1244 795 eam
1266 758 1517 797 vexationem
1546 752 1760 795 'adhibitam
1789 767 1884 794 esse
1904 755 2082 808 objicere
2109 756 2220 806 velit,
2246 768 2420 795 monen-

460 813 554 852 dum
584 822 739 866 contra,
765 818 870 867 quod
905 819 1099 858 adversus
1128 820 1230 859 alios
1257 822 1347 872 ipse
1370 819 1544 860 Rothius
1560 821 1724 869 monuit,
1752 821 1941 870 scriptori
1966 819 2044 858 lioc
2069 831 2262 871 expresse
2289 831 2422 858 enun-

461 877 639 915 tiandum
672 879 814 921 fuisse.
868 880 1063 932 Superest
1091 896 1229 933 unum,
1261 884 1368 936 quod
1390 884 1488 923 mihi
1524 882 1682 933 quidem
1711 882 1831 933 plane
1859 882 2141 933 dijudicandae
2167 882 2422 934 quaestionis

461 950 557 976 esse
585 941 759 981 videtur.
816 943 862 980 Si
893 946 999 995 quod
1028 946 1225 997 adjicitur,
1253 947 1435 985 devortia
1463 948 1648 986 itinerum
1677 945 1827 985 indicta
1854 957 1961 991 esse,
1991 953 2032 984 ut
2048 947 2233 991 civitates
2261 959 2282 982 a
2299 957 2422 996 prox—

458 1003 550 1042 imis
577 1004 755 1044 hibernis
782 1008 823 1044 in
854 1015 1008 1047 remota
1035 1017 1075 1048 et
1104 1013 1197 1049 avia
1231 1011 1446 1060 deferrent,
1490 1023 1636 1050 novum
1665 1022 1796 1061 genus
1824 1011 2050 1049 vexationis
2077 1010 2268 1060 continet,
2304 1021 2422 1061 opor-

457 1066 535 1103 tuit
561 1069 799 1118 scriptorem
831 1071 906 1108 hoc
933 1078 975 1110 ut
1005 1085 1151 1111 novum
1179 1075 1404 1113 vexationis
1441 1085 1572 1125 genus
1599 1079 1709 1113 certe
1734 1073 1869 1125 aliqua
1897 1073 2092 1125 particula
2119 1072 2314 1112 orationis
2342 1071 2422 1110 ad-

457 1139 608 1167 nexum
636 1131 829 1180 proferre.
892 1132 1010 1180 Quod
1039 1147 1159 1186 quum
1192 1136 1314 1187 plane
1339 1137 1541 1187 omiserit,
1576 1138 1758 1189 adeoque
1784 1138 2039 1188 insequentia
2066 1139 2123 1175 ita
2151 1147 2315 1188 prorsus
2344 1134 2423 1173 ad·-

452 1191 618 1241 jungat,
646 1200 687 1230 ut
718 1187 815 1232 inihi!
846 1197 952 1234 aliud
982 1210 1101 1248 quam
1133 1211 1337 1248 exponere
1362 1200 1472 1236 velle
1498 1199 1706 1247 videatur,
1734 1211 1814 1250 quo
1846 1200 1963 1238 modo
1991 1201 2087 1238 illud
2126 1212 2289 1250 „emere
2315 1198 2421 1236 ultro

459 1253 660 1293 frumenta
689 1268 735 1295 ac
763 1258 941 1297 vendere
969 1260 1126 1310 pretio“
1153 1262 1370 1300 machinati
1392 1262 1488 1311 sint,
1516 1260 1836 1300 concludendum
1862 1264 2107 1312 necessario,
2134 1273 2257 1301 unum
2285 1260 2419 1300 idem-

456 1328 536 1365 que
564 1321 789 1356 vexationis
816 1332 948 1371 genus
977 1324 1163 1364 describi.
1229 1324 1291 1360 Ex
1320 1335 1399 1373 quo
1432 1335 1537 1374 quae
1568 1325 1622 1361 sit
1651 1330 1761 1361 recte
1789 1325 2080 1373 interpretandi
2119 1325 2195 1362 loci
2223 1325 2326 1362 ratio
2353 1324 2421 1361 in·-

455 1379 604 1430 eunda,
633 1384 823 1431 patescit.

618 1443 876 1491 Quaerebant
910 1449 1111 1498 exigendo
1148 1450 1407 1501 curandoque
1434 1450 1633 1487 frumento
1668 1450 1887 1500 praepositi
1930 1461 1978 1487 ex
2019 1461 2068 1487 eo
2100 1450 2261 1500 negotio
2302 1460 2419 1487 suum

459 1505 626 1547 lucrum.
683 1510 810 1559 Igitur
837 1523 885 1548 eo
911 1512 1093 1549 homines
1121 1512 1387 1562 compellendi
1418 1518 1543 1561 erant,
1573 1518 1615 1549 ut
1643 1511 1824 1550 taederet
1848 1524 1920 1550 eos
1950 1513 2079 1562 ipsius
2107 1511 2295 1549 frumeuti
2317 1522 2421 1549 con-

461 1568 614 1609 ferendi
640 1582 688 1608 ac
717 1572 879 1610 mallent
908 1575 1075 1624 pretium
1106 1575 1186 1613 illis
1214 1577 1463 1626 persolvere.
1519 1575 1563 1613 ld
1591 1581 1635 1613 ut
1663 1575 1913 1625 efficeretur,
1958 1587 2037 1614 non
2066 1576 2245 1627 proxima
2272 1574 2420 1626 cuique

459 1633 614 1672 civitati
643 1635 808 1674 hiberna
843 1637 916 1675 sed
946 1638 1066 1689 longe
1094 1638 1282 1677 distantia
1312 1645 1352 1677 et
1380 1638 1500 1678 devia
1528 1638 1819 1689 indicebantur,
1850 1640 1890 1678 in
1920 1651 2026 1690 quae
2053 1639 2269 1678 deferrent.
2324 1637 2419 1676 Jam

459 1708 558 1733 vero
586 1699 622 1734 si
649 1700 904 1738 nihilominus
923 1708 1076 1753 essent,
1106 1704 1173 1754 qui
1193 1703 1486 1754 longinquitate
1515 1707 1557 1739 et
1578 1701 1759 1740 devortio
1788 1703 1945 1741 itineris
1973 1714 2053 1741 non
2081 1701 2260 1740 deterriti
2286 1701 2419 1752 ipsum

463 1758 705 1800 frumentum
735 1766 1015 1814 perveherent,
1045 1773 1125 1803 tum
1152 1767 1310 1815 quidem
1339 1766 1404 1804 his
1433 1765 1620 1804 damnum
1650 1766 1804 1804 illatum
1836 1773 1935 1814 erat,
1963 1766 2046 1803 illis
2065 1765 2166 1803 nihil
2195 1765 2294 1803 lucri
2321 1775 2421 1814 par-

463 1827 562 1860 tum.
618 1822 734 1871 Quod
764 1839 815 1863 ne
844 1828 1061 1878 accideret,
1092 1841 1197 1866 novo
1226 1828 1395 1866 artificio
1409 1828 1736 1866 subveniebatur.
1791 1828 1870 1866 Per
1898 1834 2129 1879 comptures
2156 1827 2255 1874 dies,
2285 1827 2322 1865 si
2349 1828 2420 1877 qui

470 1884 721 1926 advenerant
752 1889 992 1928 frumentum
1022 1891 1307 1941 advectantes,
1340 1891 1483 1929 horrea
1511 1890 1568 1929 illi
1596 1892 1779 1931 homines
1806 1891 1948 1929 clausa
1974 1890 2189 1939 tenebant,
2217 1891 2294 1928 hoc
2319 1887 2421 1927 illud

463 1958 733 2001 excusantes,
761 1959 805 1989 ut
833 1954 979 1991 multos
1009 1954 1278 2003 provinciales
1306 1965 1396 1992 cum
1427 1954 1628 1993 frumento
1656 1954 1886 1992 assidentes
1918 1960 1958 1992 ot
1986 1955 2216 2004 operientes
2244 1952 2420 2002 videres,

463 2010 594 2050 donec
626 2016 876 2064 aperirentur
912 2017 1074 2055 tandem
1117 2016 1331 2068 aliquando
1372 2017 1515 2056 borrea
1543 2022 1583 2055 et
1613 2018 1883 2068 acciperetur,
1922 2017 2027 2068 quod
2069 2015 2306 2055 detulerant.
2373 2013 2420 2053 ld

463 2076 591 2112 semel
633 2078 695 2115 bis
724 2081 879 2129 experti
909 2080 1068 2129 abjecta
1097 2092 1172 2130 spe
1200 2081 1422 2118 reluctandi
1446 2081 1530 2131 jam
1559 2081 1783 2118 concedere
1810 2093 1871 2130 eo,
1901 2092 1980 2131 quo
2008 2080 2065 2117 illi
2092 2079 2265 2127 vellent,
2299 2084 2340 2116 et
2367 2089 2421 2115 ne

463 2140 503 2175 in
525 2141 693 2188 gravius
721 2142 908 2180 damnum
935 2143 1171 2192 inciderent,
1205 2155 1339 2180 emere
1367 2144 1417 2181 ab
1445 2146 1496 2181 iis
1523 2145 1637 2194 ipsis,
1665 2145 1735 2194 qui
1761 2144 2001 2182 frumentum
2031 2144 2268 2193 imperatum
2298 2153 2421 2179 cura—

462 2200 570 2252 bant,
608 2202 634 2244 i.
664 2215 699 2249 c.
728 2206 898 2255 pretium
943 2207 989 2244 ab
1025 2207 1076 2244 iis
1116 2206 1376 2245 constitutum
1406 2206 1655 2258 persolvere.
1723 2205 1825 2245 lllud
1863 2206 1986 2258 igitur
2021 2204 2237 2255 „assidere
2264 2204 2420 2243 horreis

459 2265 662 2316 clausis“,
692 2279 772 2317 quo
800 2268 963 2318 duplum
995 2269 1157 2319 triplum
1193 2269 1327 2306 damni
1356 2270 1512 2308 vexatis
1542 2275 1751 2320 praeterea
1777 2281 1850 2320 per
1882 2269 2067 2306 devortia
2103 2269 2288 2305 itinerum
2319 2279 2420 2318 pro-

460 2328 705 2367 vincialibus
735 2331 1002 2379 inferebatur,
1041 2339 1082 2369 ut
1112 2332 1299 2381 simplum
1332 2333 1434 2370 lucri
1463 2339 1783 2383 extorqueretur,
1810 2340 1848 2369 et
1879 2332 1986 2382 quod
2022 2331 2230 2369 desinebat
2258 2332 2301 2368 iu
2328 2343 2420 2368 em·-

460 2390 608 2427 tionem
639 2403 789 2442 eorum,
819 2405 923 2444 qnae
947 2396 1024 2445 ipsi
1045 2395 1251 2444 haberent,
1278 2396 1451 2445 scriptor
1479 2402 1574 2434 ante
1601 2395 1742 2434 oculos
1770 2395 1883 2446 ponit
1911 2400 2101 2445 tanquam
2130 2393 2420 2444 exaggeratio·-

460 2464 552 2491 nem
592 2458 821 2494 vexationis
849 2458 888 2495 in
918 2464 1131 2507 quaestum
1172 2464 1368 2508 repertam
1399 2465 1440 2496 et
1467 2459 1556 2510 ipso
1584 2459 1735 2497 tributo
1761 2459 2003 2509 graviorem.

614 2517 731 2566 Qnod
761 2520 918 2570 adjicit:
948 2520 1125 2559 vendere
1144 2522 1272 2572 pretio
1300 2522 1561 2572 cogebantur,
1591 2522 1630 2560 id
1660 2533 1741 2572 qno
1764 2531 1891 2559 sensu
1917 2519 2067 2557 dictum
2088 2519 2157 2567 sit,
2184 2518 2268 2569 jam
2298 2517 2419 2557 facile

458 2579 708 2631 intelligitur.
763 2583 954 2621 Emerant
984 2585 1024 2621 iu
1050 2583 1228 2622 hibernis
1255 2585 1385 2634 pretio
1412 2596 1437 2623 a
1463 2584 1663 2624 Romanis
1686 2584 1926 2632 constituto,
1959 2581 2065 2620 domi
2085 2581 2315 2620 vendebant
2337 2592 2419 2620 sua

461 2654 510 2680 eo
537 2647 679 2695 pretio,
709 2658 789 2697 quo
817 2654 1019 2697 poterant,
1057 2648 1084 2688 i.
1114 2659 1147 2685 e.
1175 2653 1292 2699 prout
1321 2648 1506 2688 ferebant
1534 2649 1710 2687 felicitas
1737 2647 1855 2696 anni,
1890 2646 2121 2697 frequentia
2148 2645 2417 2695 venditorum,

464 2706 641 2757 reliquae
666 2712 844 2748 rationes
874 2718 1075 2749 mercatus
1103 2711 1170 2761 (fic
1197 2710 1410 2763 ”munitm
1434 2722 1501 2753 am
1526 2713 1597 2753 ben
1624 2709 1830 2762 imriligen
1859 2707 2114 2759 Ἡατῑψτείό,
2142 2710 2205 2749 bet
2232 2707 2417 2760 nutritii&

459 2767 641 2821 niebtiger
669 2777 786 2820 mar).
855 2775 954 2811 Eam
984 2787 1079 2812 esse
1113 2775 1197 2812 vim
1237 2777 1355 2813 vocis
1381 2777 1514 2827 pretio
1540 2774 1734 2822 vendere,
1761 2773 1851 2822 ipsa
1879 2785 1946 2811 res
1972 2775 2127 2823 poscit,
2160 2784 2238 2810 nec
2265 2782 2417 2810 conse-

459 2834 544 2872 cuti
573 2833 730 2883 quidem
768 2836 808 2874 id
836 2838 945 2889 quod
976 2837 1167 2876 volebant
1203 2836 1262 2875 illi
1291 2838 1532 2889 quaestuosi
1558 2842 1726 2883 essent,
1765 2836 1843 2874 nisi
1877 2835 1954 2874 hoc
1981 2834 2240 2874 accessisset.
2306 2832 2414 2874 Nam

459 2898 702 2936 frumentum
738 2901 863 2937 semel
889 2900 1218 2951 imperatumtvel
1243 2901 1383 2940 militis
1410 2902 1452 2939 iu
1481 2899 1694 2951 provincia
1721 2900 1882 2949 agentis
1910 2899 1978 2937 vel
2005 2898 2157 2937 elassis
2183 2897 2251 2936 vel
2284 2897 2415 2949 ipsius

2322 3079 2340 3090 α
