2708 3533
1242 335 1306 376 11

1063 569 1243 620 Atrio.
1294 581 1340 613 c.
1394 573 1471 614 19.

621 684 862 747 „Namque
899 702 981 745 per
1023 689 1258 739 ludibrium
1300 690 1496 731 assidere
1537 690 1700 732 clausis
1738 690 1908 733 horreis
1954 695 1999 733 et
2040 705 2179 734 emere

557 762 674 804 ultro
698 759 923 815 frumenta
944 776 1000 805 ac
1031 764 1217 808 vendere
1237 766 1381 819 pretio
1410 762 1684 817 coyebantur‚
1727 760 1950 806 Devortia
1971 768 2182 806 itinerum

563 838 610 877 et
635 835 936 893 lonqinquitas
983 842 1209 894 reyionum
1249 835 1547 893 indicebatur,
1591 840 1643 878 ut
1670 841 1871 879 civitates
1911 851 1943 880 a
1965 843 2186 893 proximis

561 907 755 949 hibernis
783 914 834 950 in
868 914 1037 952 remota
1079 914 1126 952 et
1162 914 1272 951 avia
1307 906 1550 966 deferrent,
1583 911 1718 952 donec
1754 912 1869 968 quod
1906 912 2102 953 onmibus
2133 918 2184 954 in

526 978 531 985 '
557 984 733 1039 promtu
766 987 874 1039 erat,
906 987 1065 1039 paucis
1093 983 1311 1024 morosum
1336 974 1503 1036 fieret.“

463 1090 746 1131 Recensendis
774 1092 947 1133 aliorum*
968 1091 1365 1144 interpretationibus
1391 1091 1732 1143 supersedendum
1762 1100 1858 1145 puto
1899 1100 1939 1132 et
1968 1095 2089 1133 unius
2114 1094 2251 1134 Bothii

297 1156 459 1194 ratione
485 1157 648 1206 habita,
689 1157 785 1207 quid
828 1157 924 1194 mihi
955 1157 1156 1205 iideatur,
1197 1155 1488 1206 exponendum.
1558 1156 1671 1203 Quae
1704 1159 1771 1194 ille
1799 1159 1849 1195 de
1878 1159 2066 1195 adverbio
2094 1159 2250 1207 „ultro“

295 1218 428 1269 affert,
459 1231 675 1258 assensum
705 1220 810 1258 haud
840 1220 961 1258 dubie
988 1221 1163 1259 omnium
1189 1219 1376 1260 habeant.
1431 1219 1582 1257 Verum
1612 1221 1716 1270 quod
1742 1221 1836 1260 inde
1862 1221 1950 1259 vult
1979 1221 2248 1272 colligendum

296 1294 409 1332 esse,
426 1295 505 1321 nou
525 1282 795 1322 Romanorum
814 1284 969 1332 horrea,
984 1283 1056 1321 scd
1073 1283 1377 1334 provincialium
1392 1294 1469 1320 sua
1483 1282 1678 1333 cujusque
1693 1284 1953 1335 intelligenda
1970 1296 2078 1335 esse,
2093 1284 2132 1322 id
2147 1296 2250 1335 qua-

295 1351 422 1384 tenus
454 1346 584 1384 locum
615 1346 764 1384 habere
793 1347 934 1398 possit,
961 1348 1141 1385 curatius
1169 1345 1445 1397 inquirendum
1470 1346 1642 1386 videtur.
1696 1347 1758 1385 De
1784 1359 1865 1399 qua
1893 1359 1938 1386 re
1965 1347 2060 1399 quid
2080 1349 2134 1386 sit
2162 1354 2250 1387 sta-

296 1408 515 1460 tuendum,
557 1411 736 1460 proxime
765 1411 814 1446 ab
845 1409 923 1447 alia
951 1409 1142 1462 quadam,
1182 1421 1300 1461 quam
1330 1409 1502 1447 Rothius
1532 1422 1610 1447 non
1638 1412 1782 1462 attigit,
1823 1413 2063 1463 quaestione
2089 1411 2250 1462 pendet,

296 1480 434 1511 utrum
466 1485 588 1510 unum
617 1473 804 1522 idemque
832 1475 1057 1512 vexationis
1084 1486 1216 1522 genus
1244 1474 1400 1522 omnia,
1426 1486 1532 1525 quae
1559 1482 1793 1524 sequuntur,
1821 1476 2079 1525 contineant,
2106 1488 2154 1512 an
2188 1474 2252 1513 di-

295 1547 443 1575 versas
488 1536 759 1575 vexandorum
806 1536 1109 1587 provincialium
1152 1537 1255 1576 vias.
1323 1535 1437 1575 nlius
1465 1536 1625 1587 quidem
1659 1539 1884 1575 sententiae
1911 1538 1948 1576 si
1981 1537 2250 1589 adstipuleris,

297 1599 378 1638 duo
406 1599 675 1638 diversatum
703 1599 862 1649 quidem
889 1600 1158 1638 vexandorum
1182 1600 1384 1637 homiuum
1412 1599 1583 1637 artificia
1621 1599 1929 1650 describuntur,
1957 1613 2125 1651 quorum
2145 1601 2250 1638 alte-

295 1675 384 1702 rum
410 1664 451 1700 in
477 1675 525 1701 eo
554 1663 725 1713 positum
745 1691 757 1713 ,
785 1670 825 1700 ut
856 1663 1059 1701 Britannis
1087 1662 1193 1702 domi
1227 1673 1327 1702 suae
1353 1663 1498 1713 cuique
1524 1663 1668 1700 horrea
1703 1663 1845 1702 saltem
1875 1663 1927 1702 ad
1955 1670 2114 1716 tempus
2135 1664 2251 1702 clau-

295 1726 508 1765 derentur:
537 1729 563 1768 i.
593 1739 628 1765 e.
659 1727 902 1765 vetabantur
929 1727 1170 1765 frumentum
1199 1738 1251 1764 ex
1278 1728 1389 1777 agris
1415 1734 1652 1774 congestum
1680 1739 1750 1777 pro
1777 1727 1941 1766 arbitrio
1966 1729 2007 1765 in
2025 1739 2141 1766 suam
2167 1740 2249 1766 rem

294 1790 496 1839 conferre,
525 1792 658 1840 potius
675 1789 872 1828 Romanis
899 1790 1147 1828 venumdare
1171 1791 1388 1828 constituto
1408 1790 1457 1827 ab
1485 1791 1537 1827 iis
1558 1791 1684 1840 pretio
1714 1802 1762 1827 ac
1781 1802 1938 1828 rursum
1967 1792 2018 1828 ab
2035 1792 2086 1829 iis
2104 1803 2251 1841 emere,

296 1853 407 1904 quod
436 1865 539 1904 opus
568 1859 695 1902 esset,
724 1854 992 1904 cogebantur3
1035 1853 1205 1892 alterum
1233 1859 1382 1904 autem,
1410 1853 1516 1905 quod
1545 1860 1683 1892 curate
1710 1854 2038 1905 distinguendum
2069 1856 2184 1905 soret,
2212 1856 2253 1894 in

295 1928 345 1955 co
376 1918 569 1968 positum,
598 1915 705 1968 quod
734 1916 974 1955 frumentum
1002 1917 1237 1968 imperatum
1264 1916 1471 1956 collaturis
1497 1916 1678 1956 devortia
1704 1918 1887 1956 itinerum
1917 1924 1957 1955 et
1979 1917 2252 1969 longinquitas

295 1982 507 2030 regionum
536 1981 787 2018 indicebatur
815 1988 896 2022 etc.
950 1980 1016 2018 Ad
1044 1981 1149 2018 hanc
1170 1980 1308 2019 Rothii
1336 1983 1578 2019 senteutiam
1608 1994 1659 2018 ne
1686 1981 1879 2019 accedere
1895 1984 2113 2031 possimus,
2141 1984 2255 2020 varia

297 2049 339 2082 et
367 2056 474 2094 quae
502 2045 606 2083 satis
634 2045 770 2094 magui
800 2044 987 2083 momenti
1014 2044 1108 2089 sint,
1136 2044 1300 2084 obstare
1324 2043 1524 2086 videntur.
1580 2043 1748 2094 Omitto,
1776 2043 1881 2095 quod
1909 2057 1992 2084 vox
2014 2044 2252 2095 ‚‚assi‹lere“

295 2105 394 2160 quid
423 2107 502 2145 sibi
530 2106 640 2156 velit,
669 2108 704 2146 si
733 2105 784 2145 de
812 2107 966 2145 horreis
993 2107 1297 2159 provincialium
1319 2118 1454 2146 sermo
1479 2112 1555 2157 est,
1584 2118 1661 2145 non
1691 2107 1792 2145 satis
1819 2107 1953 2159 liquet.
2010 2107 2073 2145 De
2099 2107 2254 2146 Roma-

290 2183 436 2207 -norum
465 2172 624 2221 quidem
656 2173 811 2208 horreis
840 2171 988 2208 dictum
1022 2172 1099 2208 hoc
1125 2172 1366 2219 „assidere‘
1393 2172 1595 2220 significat
1624 2171 1788 2221 aliquid,
1817 2172 1944 2220 quod,
1973 2179 2017 2207 ut
2044 2173 2148 2208 infra
2177 2185 2253 2209 ex-

296 2242 484 2285 ponetur,
515 2241 735 2272 memoratu
764 2233 928 2285 dignum
941 2234 997 2272 sit
1006 2247 1020 2283 ,-
1049 2233 1101 2272 ad
1115 2233 1422 2284 provincialium
1449 2234 1485 2272 si
1504 2234 1688 2284 pertinet,
1718 2245 2061 2284 supervacaneum
2081 2234 2253 2277 videtur.

290 2296 425 2335 Certe
453 2297 583 2348 magis
619 2297 826 2334 'l'aciteum
857 2296 980 2345 foret,
1021 2297 1058 2334 si
1087 2297 1213 2334 missa
1239 2307 1289 2334 ea
1316 2307 1415 2335 voce
1456 2296 1630 2335 dixisset
1657 2297 1842 2335 Tacitus:
1881 2309 2054 2349 namque
2081 2310 2152 2349 per
2187 2298 2250 2336 lu-

299 2361 476 2401 dibrium
506 2361 660 2399 clausis
690 2361 843 2399 horreis
870 2372 1004 2398 emere
1031 2360 1137 2398 ultro
1168 2381 1221 2389 —
1248 2383 1296 2391 -
1326 2360 1584 2411 cogebantur.
1652 2360 1782 2398 Multo
1810 2368 1943 2399 autem
1972 2361 2114 2412 majus,
2147 2361 2252 2413 quod

295 2438 347 2465 ea
365 2427 459 2477 ipsa
478 2437 582 2477 quiae
599 2432 824 2471 narramur,
843 2425 878 2462 si
893 2424 943 2462 de
961 2423 1265 2474 provincialium
1285 2424 1441 2463 horreis
1464 2423 1698 2474 accipienda
1727 2431 1833 2474 sunt,
1859 2425 2084 2463 vexationis
2113 2437 2248 2463 exem-

296 2489 407 2541 plum
441 2489 616 2527 indicant
648 2487 858 2539 ejusmodi,
887 2487 992 2538 quod
1021 2499 1180 2526 omnem
1208 2487 1327 2527 fldem
1356 2487 1552 2525 excedere
1574 2486 1834 2537 judicandum
1859 2487 1974 2528 soret.
2028 2489 2185 2526 Etenim
2213 2491 2248 2527 si

297 2553 624 2605 provincialibus
648 2564 724 2591 sua
752 2553 898 2603 cuique
925 2552 1067 2590 horrea
1095 2549 1396 2601 claudebantur,
1424 2563 1502 2589 non
1531 2563 1603 2601 per
1631 2550 1844 2589 ludibrium
1872 2551 1910 2589 id
1941 2551 2090 2590 sactum
2122 2550 2245 2600 dicas,

295 2617 372 2655 sed
410 2618 596 2655 immanis
635 2618 828 2656 saevitiae
856 2616 955 2654 foret
997 2622 1119 2665 atque
1150 2614 1256 2654 haud
1285 2616 1372 2654 scio
1398 2626 1449 2653 an
1477 2615 1528 2652 ab
1555 2616 1659 2652 omni
1702 2626 1831 2652 rerum
1860 2620 2065 2664 gestarum
2094 2626 2248 2652 memo-

297 2681 358 2718 ria
385 2680 607 2719 inauditae.
662 2681 771 2718 Nam
796 2680 1011 2718 Verrinam
1035 2678 1146 2727 illud,
1174 2678 1282 2727 quod
1307 2678 1474 2727 Lipsius
1502 2677 1663 2727 profert,
1692 2678 1913 2726 comparari
1941 2671 2031 2714 cum
2053 2677 2249 2726 hujusce>-

297 2743 408 2782 modi
435 2742 678 2782 crud'elitate
704 2742 824 2795 plane
847 2755 926 2782 non
952 2746 1098 2794 potest.
1151 2740 1272 2781 Aliud
1298 2746 1361 2780 est
1389 2741 1495 2780 enim
1519 2745 1654 2777 vetare
1675 2739 1945 2791 provinciales
1971 2740 2097 2790 prius,
2127 2752 2249 2792 quam

288 2808 506 2858 negotium
535 2818 651 2844 suum
683 2818 774 2844 cum
809 2807 1031 2845 decumano
1057 2806 1353 2856 transegerint,
1384 2805 1622 2843 frumentum
1652 2804 1702 2839 ab
1732 2814 1826 2840 area
1853 2803 2033 2851 auferre,
2063 2815 2115 2840 ne
2138 2804 2247 2841 illurn

298 2871 456 2920 possint
488 2870 696 2913 fraudare.
738 2869 846 2908 aliud
876 2871 1019 2909 horrea
1046 2868 1234 2909 claudere
1268 2874 1311 2907 et
1338 2880 1388 2907 eo
1415 2866 1579 2918 adigere
1604 2866 1810 2915 homines,
1849 2871 1896 2906 ut
1923 2866 2032 2918 quod
2060 2879 2113 2906 ex
2139 2867 2249 2918 agris

296 2933 388 2974 suis
414 2934 563 2987 cuique
589 2932 837 2986 provenerit,
865 2934 1087 2974 constituto
1114 2933 1165 2972 sb
1191 2930 1483 2984 imperantibus
1508 2929 1637 2981 pretio
1665 2928 1852 2979 vendant,
1878 2940 1928 2968 ac
1956 2941 2111 2968 rursum
2140 2929 2248 2981 quod

1915 2994 1984 3031 κα
