2708 3533
439 436 680 470 nocturnum
718 433 796 472 iter
836 434 936 473 solis
974 432 1242 482 extolluntur,
1276 435 1368 474 st've
1393 436 1511 485 quasi
1539 435 1676 473 sidunt
1704 434 1894 475 att-iuml.
1963 435 2055 473 Hoc
2080 442 2125 473 ut
2147 436 2408 488 expriment,

439 495 695 547 aliquatenus
738 503 850 536 recte
891 496 1056 535 intendit
1100 496 1369 546 cogitatione;
1412 509 1553 536 verum
1593 500 1719 538 imao
1751 499 1957 537 aberravit
1992 510 2017 536 a
2045 506 2177 549 recto,
2218 498 2324 550 quod
2353 510 2408 538 ex

441 561 582 609 specie
610 572 743 598 rerum
776 561 825 597 ad
855 567 1013 609 tempus
1041 559 1249 596 obtinente
1275 569 1324 596 ac
1349 559 1532 597 variabih'
1555 561 1761 610 epitheton
1786 572 1904 598 suum
1921 563 2081 602 sumsit.
2135 563 2283 600 Hieme
2297 563 2405 600 euim

441 633 562 661 arcus
600 630 822 661 nocturnus
867 622 966 661 solis
1006 620 1243 661 tantundem
1292 623 1332 660 in
1361 621 1487 661 altum
1523 622 1744 662 demittitur
1782 624 1922 662 subter
1947 624 2170 674 finitorem,
2211 630 2405 675 quantum

443 693 601 724 aestate
632 687 801 725 diurnus
828 696 949 736 supra
979 697 1067 722 eum
1099 684 1318 726 extollitur.
1339 686 1387 733 4θ’)
1451 685 1543 724 Nisi
1570 698 1670 724 vero
1698 698 1773 724 uos
1799 698 1985 738 quoque,
2014 687 2107 725 dum
2137 689 2177 726 iu
2206 689 2314 727 harno
2341 688 2406 726 le·-

445 752 599 788 viorem
631 762 802 787 errorem
831 748 1024 786 incidisse
1051 760 1141 785 eum
1171 748 1444 798 concedimus,
1472 748 1622 800 injuste
1639 750 1798 800 agimus
1826 760 1875 787 ac
1903 749 2045 800 planos
2071 750 2142 788 ille
2170 749 2248 789 hos
2272 757 2408 790 terra-

448 826 532 852 rum
566 820 718 851 tractus
747 823 913 863 prorsus
949 812 1100 849 omisso
1139 811 1240 850 solis
1268 823 1391 850 cursu
1419 824 1468 850 ea
1493 812 1770 852 tantummodo
1798 812 1849 851 de
1875 824 2001 852 causa
2030 813 2157 865 dixit,
2187 814 2296 867 quod
2324 816 2409 855 cir·-

446 877 564 916 culus
592 877 726 915 finitor
743 875 897 914 illarum
929 876 1134 925 regionum
1159 887 1248 913 cum
1279 876 1419 914 orbitis
1444 875 1599 914 diurnis
1625 878 1800 915 omnium
1829 878 1990 917 omuino
2017 877 2192 916 siderum
2212 890 2404 930 perquam

449 942 653 992 obliquum
684 940 875 989 angulum
907 938 1049 979 efficit.
1106 939 1171 976 Ad
1190 940 1266 977 hoc
1283 940 1378 977 mihi
1407 942 1540 977 omnia
1560 939 1824 990 perpendenti
1844 941 2018 978 maxime
2046 941 2211 978 inclinat
2231 942 2405 984 animus.

450 1004 625 1043 Videtur
652 1004 747 1042 mihi
777 1004 952 1053 scriptor
979 1015 1027 1041 eo
1058 1002 1284 1041 tetendisse
1312 1010 1351 1041 et
1366 1006 1630 1055 conceptione
1661 1005 1837 1043 notionis
1864 1011 1904 1043 et
1933 1006 2095 1056 optione
2123 1005 2325 1055 vocabuli,
2352 1006 2406 1046 d·

443 1080 523 1120 quo
550 1068 667 1105 nobis
695 1078 829 1104 sermo
860 1072 945 1114 cst,
987 1072 1028 1104 ut
1057 1066 1146 1104 loca
1174 1066 1400 1117 legentibus
1428 1073 1524 1105 ante
1550 1067 1691 1107 oculos
1719 1074 1881 1119 poneret
1912 1068 2100 1120 obliquae
2126 1080 2231 1122 quae
2257 1068 2408 1109 dicitur

442 1133 666 1181 sphaerae,
693 1130 764 1167 sed
795 1132 1018 1180 propinqua
1041 1130 1125 1180 jam
1155 1130 1392 1180 parallelae,
1425 1142 1530 1180 quae
1560 1131 1754 1169 finitorem
1784 1132 1904 1170 habet
1931 1144 2029 1183 erga
2057 1134 2211 1170 orbitas
2239 1133 2406 1172 diurnas

444 1195 621 1233 siderum
652 1193 903 1245 parallelum,
932 1205 1024 1232 cum
1052 1193 1255 1233 sideribus
1284 1195 1515 1244 aequatoris
1543 1193 1645 1232 adeo
1672 1196 1712 1233 in
1740 1207 1860 1233 unum
1888 1198 2113 1236 coeuntem.

603 1311 770 1362 ltaque,
808 1315 850 1347 ut
880 1321 950 1358 ea,
992 1320 1096 1360 quae
1125 1308 1323 1357 disserui,
1365 1309 1505 1357 paucis
1538 1308 1578 1345 iu
1616 1321 1737 1346 unum
1769 1309 1975 1360 colligam:
2019 1311 2056 1348 si
2087 1321 2135 1348 ex
2163 1311 2340 1349 rectiore
2360 1313 2404 1348 et

443 1375 694 1411 accuratiore
720 1374 796 1411 hac
821 1385 953 1411 rerum
983 1373 1215 1410 coelestium
1236 1372 1477 1422 cognitione,
1507 1383 1611 1422 quae
1635 1378 1799 1410 nostrae
1826 1374 1949 1411 aetati
1973 1374 2153 1424 contigit,
2181 1372 2403 1425 paullulum

442 1438 510 1476 ille
538 1437 708 1476 subsidii
738 1438 948 1478 habuisset
975 1448 1023 1474 ac
1053 1442 1190 1473 contra
1219 1447 1337 1474 suum
1367 1448 1516 1474 morem
1546 1436 1772 1485 verbosius,
1799 1448 1905 1487 quae
1932 1439 2065 1475 animo
2092 1437 2181 1487 ejus
2209 1438 2405 1476 obversan-

442 1502 600 1551 bantur,
629 1499 777 1538 efferre
806 1499 1021 1549 voluisset,
1049 1499 1109 1537 sic
1139 1498 1224 1537 fere
1255 1498 1431 1537 locutum
1464 1498 1551 1538 fore
1578 1499 1783 1550 probabile
1817 1506 1901 1537 est:
1960 1500 2127 1540 Dierum
2155 1501 2402 1540 aestivorum

441 1567 576 1615 spatia
602 1565 706 1602 ultra
734 1566 861 1601 nostri
891 1565 998 1601 orbis
1027 1574 1277 1612 mensuram3
1306 1563 1401 1600 inde
1427 1573 1586 1600 summa
1609 1569 1768 1600 aestate
1795 1575 1875 1601 uox
1902 1563 2012 1600 clara
2040 1570 2079 1601 et
2107 1569 2283 1601 extrema
2309 1564 2404 1603 Bri-

442 1630 605 1667 tanniae
633 1635 748 1679 parte
776 1628 911 1665 brevis
941 1626 1060 1676 adeo,
1102 1631 1144 1663 ut
1181 1626 1301 1664 finem
1337 1632 1460 1677 atque
1488 1626 1643 1664 initium
1674 1624 1776 1664 lucis
1804 1625 1962 1677 vulgari
2000 1638 2126 1665 sensu
2163 1626 2296 1665 dictae
2329 1639 2404 1678 per

440 1693 532 1732 illos
562 1691 650 1730 dies
681 1694 827 1743 exiguo
855 1690 1086 1729 discrimine
1115 1691 1383 1731 intemnoscas,
1442 1687 1581 1738 Quid?
1609 1689 1716 1741 quod
1743 1701 1791 1728 eo
1819 1701 1948 1741 usque
1979 1691 2276 1742 septentriones
2303 1703 2403 1730 ver·-

443 1768 516 1794 sus
545 1756 727 1806 protendi
761 1756 1008 1792 Britanniam
1038 1754 1264 1804 affirmant,
1307 1760 1350 1791 ut
1379 1754 1419 1791 in
1447 1753 1587 1791 ultima
1616 1754 1847 1791 Britanniae
1872 1765 1942 1791 ora
1973 1777 2018 1784 -
2048 1756 2157 1792 circa
2182 1754 2400 1793 solstitium

443 1820 635 1859 videlicet
663 1820 861 1858 aestivum
912 1842 958 1849 —
1005 1818 1066 1857 sol
1096 1820 1244 1857 rectius
1278 1817 1437 1856 dicatur
1472 1818 1522 1856 ab
1560 1816 1686 1855 altero
1723 1817 1763 1855 in
1792 1817 1962 1855 alterum
2001 1817 2107 1856 latus
2137 1824 2233 1858 ante
2262 1819 2404 1858 oculos

442 1885 671 1922 contuentis
699 1884 871 1921 transire
899 1893 1018 1934 quam
1046 1881 1233 1919 occidere
1261 1887 1301 1919 et
1318 1891 1551 1931 exsurgere,
1583 1885 1722 1931 utpote
1750 1879 1868 1930 cujus
1895 1887 2130 1920 nocturnum
2159 1883 2278 1921 etiam
2306 1893 2405 1922 cur-.-

444 1960 550 1997 sum,
578 1949 613 1985 si
641 1951 775 1985 nubes
804 1959 883 1983 uon
912 1945 1116 1992 officiant,
1148 1945 1276 1982 oculis
1305 1943 1597 1995 quodammodo
1621 1946 1811 1993 persequi
1845 1945 1998 1993 possis3
2039 1945 2199 1982 scilicet.
2222 1952 2405 1984 extrema

448 2011 516 2050 illa
537 2018 729 2050 terrarum
760 2016 798 2048 et
820 2008 911 2060 polo
941 2009 1128 2060 propiora
1155 2012 1311 2046 aestate
1328 2006 1516 2047 humilem
1539 2007 1717 2046 umbram
1748 2005 1894 2046 habent
1918 2019 1995 2046 nec
2015 2008 2172 2060 erigunt
2201 2008 2403 2060 tenebras,

445 2081 691 2127 quapropter
718 2074 822 2110 aeris
852 2078 995 2109 terram
1025 2071 1311 2109 circumdantis
1339 2072 1570 2122 superiores
1598 2071 1786 2121 regiones
1815 2070 1946 2108 media
1971 2072 2090 2109 etiam
2111 2078 2236 2110 nocte
2263 2083 2288 2110 a
2315 2064 2404 2111 sole

443 2141 673 2177 illustratae
701 2139 804 2174 lucis
833 2136 1121 2185 aliquantulum
1147 2137 1187 2172 in
1216 2142 1360 2172 terram
1395 2135 1624 2173 reflectunt.

442 2319 708 2326 ——-——

508 2460 547 2502 ³)
572 2460 702 2492 'rotam
724 2466 804 2490 rem
826 2453 968 2496 adjecta
994 2451 1239 2486 delineatione
1268 2451 1522 2486 mathematica
1552 2452 1844 2488 demonstrarem
1874 2461 1915 2484 ac
1941 2450 2048 2496 plane
2073 2458 2156 2487 aute
2185 2452 2314 2488 oculos
2334 2464 2400 2499 po-

572 2523 710 2552 nerem,
736 2511 774 2543 ni
799 2508 949 2551 majoris
972 2518 993 2541 a
1016 2506 1242 2553 typographo
1266 2505 1444 2552 impendii
1469 2507 1580 2542 foret.
