2708 3533
309 426 389 456 aaa
410 422 513 465 aeae
530 413 708 465 potuerit
733 411 960 464 cam
981 409 1114 451 adhuc
1139 410 1303 462 (etiam)
1328 410 1440 450 sole:
1467 410 1541 451 sed
1566 409 1857 463 indulgendam
1883 409 2034 462 aliquid
2061 417 2157 450 esse
2174 411 2253 451 viro

309 479 410 517 artis
428 486 528 514 suae
553 474 658 513 fines
683 475 898 526 θεῖσαν(

438 538 614 578 “Hira-
638 549 754 588 nane,
781 536 982 590 quomodo
1006 548 1032 576 a
1055 539 1278 590 scriptoris*
1293 544 1373 576 tam
1405 539 1619 589 perspicuo
1645 547 1772 574 sensu
1801 537 1956 574 tautum
1983 536 2052 575 ille
2070 539 2256 577 aberrare

310 608 433 653 atque
469 599 571 638 adeo
600 601 763 651 ineptae
802 602 911 639 hunc
937 600 1057 638 talem
1095 603 1226 639 virum
1264 602 1465 652 opinionis
1505 600 1695 638 damnare
1728 600 1926 650 potuerit3
1968 601 2098 650 magis
2133 602 2254 640 etiarn

309 663 476 712 mirum,
505 661 615 714 quod
643 663 879 714 nemodnm,
906 668 1097 714 quantum
1125 663 1235 703 'mihi
1261 663 1464 716 cognitum
1489 669 1573 713 est,
1599 663 1782 702 Tacitum
1812 662 2019 701 defendit·
2077 662 2183 703 Nam
2214 677 2257 703 re

310 726 473 765 silentio
502 728 791 775 praetermissa
817 727 941 765 ceteri
968 726 1260 778 quodammodo
1288 727 1329 764 in
1357 731 1511 776 partem
1536 726 1679 777 culpae
1706 727 1881 765 veniunt.

464 786 652 840 Agedum
669 790 901 841 singulatim
915 800 1211 840 recenseamus,
1226 800 1332 841 quae
1345 788 1398 827 de
1415 788 1535 827 rebus
1549 790 1792 828 coelestibus
1815 789 1997 828 hocloco
2015 790 2253 829 referuntur.

631 897 853 959 „Diei-um
880 874 1032 958 spatia
1063 901 1186 943 ultra
1214 903 1357 943 nostri
1387 901 1502 942 orbis
1531 896 1825 946 mmmmf‘

468 1009 535 1049 Ad
563 1009 664 1049 haec
690 1016 853 1061 propter
878 1021 939 1059 ca,
967 1013 1072 1061 q'uae
1098 1015 1337 1062 sequuntur,
1365 1010 1490 1048 verbo
1518 1011 1752 1049 monendum
1783 1018 1861 1063 est,
1888 1013 2098 1064 scriptoris
2127 1013 2257 1052 animo

313 1073 464 1119 dierum
500 1075 748 1113 aestivorum
784 1084 833 1111 ac
868 1073 1034 1128 perinde
1067 1074 1245 1112 noctium
1282 1072 1536 1112 hibernarum
1571 1076 1702 1124 spatia
1737 1075 1958 1114 obversari.
2022 1076 2130 1114 Nam
2162 1077 2257 1115 anni

309 1144 534 1189 temporum
563 1147 634 1173 eas
662 1147 756 1173 esse
782 1136 1106 1186 vicissitudines,
1142 1142 1184 1175 ut
1211 1137 1252 1175 in
1279 1147 1520 1188 quacunque
1555 1138 1717 1187 regione
1753 1146 1945 1189 quantum
1981 1145 2140 1177 aestate
2165 1139 2259 1189 diei,

310 1199 546 1241 tantundem
574 1206 665 1251 post
701 1210 772 1237 sex
806 1202 969 1238 menses
998 1201 1128 1239 noctis
1162 1201 1217 1239 sit
1241 1200 1439 1251 spatium,
1471 1204 1512 1236 et
1538 1198 1687 1238 dierum
1727 1213 1775 1239 ac
1802 1202 1978 1240 noctium
2007 1201 2260 1241 differentias

311 1276 359 1305 eo
387 1262 563 1315 majores
591 1273 699 1308 esse,
727 1273 806 1314 quo
834 1263 887 1302 sit
913 1263 1257 1315 septentrionibus
1279 1263 1440 1315 propior
1468 1263 1592 1314 regio,
1614 1262 1694 1313 jam
1717 1263 1796 1303 illis
1824 1265 2073 1317 temporibus
2099 1273 2259 1306 constat

311 1330 410 1369 satit
438 1328 641 1377 cognitum
673 1327 812 1364 fnisse.
870 1326 1125 1365 Protenditur
1152 1333 1284 1365 autem
1318 1326 1473 1363 mediae
1501 1326 1640 1363 ltaliae
1675 1326 1911 1378 longissima
1938 1329 2026 1368 dies
2056 1351 2102 1357 -—
2132 1341 2259 1368 sensu

314 1391 584 1432 astronomico
611 1389 719 1428 dicta
744 1391 785 1427 in
818 1389 882 1440 15,
911 1397 1117 1430 extremae
1145 1390 1375 1429 Britanniae
1399 1389 1441 1428 in
1468 1388 1560 1440 plus
1594 1390 1642 1428 18
1667 1389 1796 1428 horas.

632 1498 778 1558 „Nom
805 1503 932 1543 clara
964 1506 1008 1544 et
1034 1505 1233 1544 extrema
1263 1498 1541 1544 Britanniae
1568 1506 1698 1558 parte
1725 1498 1927 1547 brevis.“.

471 1601 593 1640 Clara
627 1615 708 1641 nox
740 1625 792 1631 —
830 1603 986 1640 aestivo
1024 1602 1215 1640 videlicet
1250 1609 1430 1653 ternpore
1455 1623 1506 1631 -
1543 1603 1620 1640 hoc
1647 1604 1750 1641 enim
1786 1615 1809 1640 e
1836 1605 2014 1655 proximo
2046 1606 2260 1655 scriptoris

313 1666 436 1703 menti
465 1666 707 1703 obversatur
734 1688 781 1695 -
810 1678 889 1703 non
916 1671 1079 1715 propter
1115 1666 1363 1704 collucentia·
1381 1665 1539 1716 sidera,
1574 1666 1625 1703 de
1652 1668 1796 1716 quibus
1822 1669 1982 1705 omnino
2018 1679 2098 1705 non
2126 1680 2258 1706 sermo

310 1734 386 1779 est,
414 1727 488 1767 sed
517 1734 734 1780 propter
758 1727 1067 1779 crepusculi
1096 1727 1520 1779 diuturnitatem,
1561 1727 1668 1779 quod
1696 1729 1736 1766 in
1764 1728 1844 1767 illis
1872 1730 2103 1781 regionibus
2132 1743 2259 1782 prope

310 1803 382 1842 per
410 1797 493 1829 tres
520 1792 733 1830 continuos
760 1802 922 1829 menses
950 1796 1073 1828 totam
1095 1798 1252 1829 noctem
1281 1791 1409 1842 durat,
1436 1797 1480 1829 ut
1499 1797 1712 1842 antequam
1741 1795 2016 1843 vespertinum
2035 1805 2257 1844 crepuscu-

310 1854 391 1892 lum
419 1866 537 1892 omne
565 1855 718 1904 abierit,
742 1854 824 1905 jam
843 1854 883 1891 id
900 1853 1005 1904 quod
1021 1854 1139 1905 vulgo
1165 1854 1381 1892 diluculum
1398 1861 1579 1903 vocatur,
1611 1855 1793 1905 occipiat.
1848 1856 2012 1893 Etenim
2029 1859 2259 1908 quicunque

311 1923 506 1956 terrarum
537 1917 648 1955 locus
674 1918 731 1955 ita
749 1923 811 1955 est
829 1918 946 1967 situs,
974 1923 1016 1955 ut
1035 1917 1098 1955 sol
1121 1919 1447 1970 appropinquans
1474 1917 1526 1955 ad
1552 1916 1734 1969 ejusdem
1757 1918 2042 1969 hemisphaerii
2062 1921 2254 1970 tropicum

309 1980 440 2019 media
468 1987 586 2018 nocte
607 1982 737 2019 minus
765 1980 1041 2032 duodeviginti
1067 1981 1218 2032 gradus
1235 1982 1376 2020 subter
1402 1981 1595 2020 circulum
1624 1982 1819 2019 finitorem
1850 1990 2063 2033 mergatur,
2091 1983 2185 2021 inde
2204 1987 2254 2021 ab

310 2055 358 2081 eo
386 2049 586 2095 tempore,
617 2056 695 2095 quo
723 2043 822 2082 solis
849 2043 1062 2087 declinatio
1090 2049 1241 2084 tantum
1269 2045 1514 2093 accreverit,
1544 2051 1781 2095 perpetuum
1811 2045 2091 2096 crepusculum
2120 2047 2255 2097 habet,

308 2112 354 2144 ut
380 2106 449 2144 vel
474 2105 604 2145 media
631 2112 750 2145 nocte
776 2117 894 2144 arcus
921 2107 1054 2145 minus
1074 2107 1166 2158 plus
1191 2106 1349 2145 lucidus
1366 2107 1529 2146 minoris
1558 2107 1777 2158 majorisve
1798 2108 1972 2146 ambitus
1999 2110 2107 2147 circa
2126 2122 2257 2160 punc-

308 2176 393 2208 tum
422 2169 581 2208 boreale
616 2169 788 2207 finitoris
826 2170 1109 2219 conspiciatur.
1163 2169 1449 2209 Parallelarum
1490 2170 1705 2208 orbitarum
1735 2183 1805 2220 ea,
1833 2183 1938 2222 quae
1965 2173 2072 2221 48,5
2104 2173 2256 2223 gradus

308 2231 532 2271 latitudinis
557 2232 856 2283 geographicae
883 2231 1016 2281 habet,
1044 2232 1170 2282 prima
1199 2232 1373 2270 omnium
1402 2244 1534 2284 neque
1560 2244 1658 2271 vero
1686 2233 1778 2284 plus
1805 2246 1923 2271 unam
1950 2235 1991 2272 in
2017 2235 2108 2286 ipso
2137 2235 2254 2274 fasti-

308 2297 377 2348 gio
403 2295 573 2334 aestatis
600 2301 756 2333 noctem
784 2295 908 2333 habet
922 2320 936 2341 ,
978 2306 1082 2346 quae
1109 2307 1187 2333 non
1223 2307 1377 2333 omnem
1407 2295 1536 2333 luc'em
1569 2298 1753 2346 amittat3
1792 2297 2055 2348 insequentes
2087 2299 2254 2347 orbitae,

309 2361 335 2399 i.
364 2371 399 2398 e.
428 2369 594 2411 quarum
624 2357 749 2410 major
777 2364 839 2396 est
868 2357 1057 2408 latitudo,
1098 2371 1176 2411 quo
1204 2359 1409 2411 propiores
1437 2366 1529 2398 suut
1557 2360 1672 2411 polo,
1709 2373 1758 2398 eo
1786 2360 1923 2411 plures
1960 2373 2032 2412 per
2060 2369 2250 2401 aestatem

309 2428 452 2464 noctes
480 2422 639 2471 habent,
667 2434 772 2475 quae
798 2422 1085 2474 aliquantulum
1112 2422 1214 2461 lucis
1242 2424 1448 2462 retineant.
1502 2424 1553 2461 Et
1577 2424 1715 2474 incipit
1744 2435 1790 2462 ea
1809 2425 2057 2475 perpetuitas
2084 2436 2253 2478 crepus-

310 2487 392 2527 culi
419 2487 603 2526 omuibus
628 2486 742 2536 locis,
769 2499 935 2538 quornm
957 2486 1124 2525 latitudo
1153 2487 1242 2526 illos
1260 2488 1353 2536 485
1379 2487 1531 2538 gradus
1557 2487 1729 2533 excedit,
1758 2500 1806 2525 eo
1829 2487 1896 2525 die
1917 2489 2026 2537 anni,
2055 2502 2133 2540 quo
2153 2491 2251 2528 solis

314 2550 532 2590 declinatio
558 2556 653 2589 ante
671 2550 941 2601 longissimam
971 2549 1074 2588 diem
1097 2551 1276 2589 accrevit
1297 2552 1338 2588 in
1359 2549 1426 2589 72⁰
1441 2552 1645 2589 subtracto
1666 2563 1716 2589 eo
1738 2550 1934 2602 graduum
1959 2563 2142 2601 numero,
2171 2565 2251 2604 quo

311 2612 483 2653 latitudo
508 2613 588 2652 loci
613 2614 859 2665 exprimitur.
906 2613 1060 2651 Pariter
1075 2612 1221 2652 desinit
1238 2614 1468 2652 continuum
1495 2625 1567 2664 per
1586 2619 1743 2653 noctem
1767 2613 2060 2665 crepusculum,
2089 2615 2253 2667 quando

312 2676 376 2714 sol
404 2677 454 2714 ad
477 2675 646 2714 eundem
665 2677 832 2728 gradum
850 2677 1128 2715 declinationis
1154 2683 1244 2728 post
1265 2676 1540 2727 longissimam
1559 2677 1663 2714 diem
1685 2688 1897 2728 regressus
1919 2683 1992 2714 est.
2049 2679 2191 2730 ltaque
2209 2685 2254 2717 ut

309 2740 498 2792 exemplo
519 2745 678 2778 utamur
697 2740 748 2778 ad
772 2741 879 2779 hunc
898 2742 1025 2780 locum
1056 2740 1369 2790 accommodato,
1398 2741 1489 2779 loca
1516 2753 1618 2791 qnae
1643 2740 1891 2779 latitudinem
1913 2741 2062 2779 habent
2080 2739 2135 2779 5¹7
2154 2755 2254 2793 gra-

312 2801 447 2856 duum,
474 2800 602 2843 veluti
621 2803 752 2844 media
770 2803 1005 2858 Caledonia,
1033 2809 1225 2858 perpetuo
1249 2803 1484 2856 crepusculo
1509 2803 1689 2844 fruuntur
1707 2796 1738 2843 a
1757 2805 1882 2856 primo
1912 2804 1977 2844 die
1990 2804 2104 2846 Junii
2124 2817 2254 2859 usque

312 2866 364 2904 ad
394 2868 455 2906 12.
487 2867 595 2918 Aug.
