2708 3533
258 447 382 488 Ua&
408 448 449 486 in
477 456 599 497 ..πη
626 444 924 498 “ingerendum
954 446 1032 485 hoe
1058 445 1128 484 illo
1154 446 1272 485 modo
1300 452 1407 495 erat,
1436 456 1485 483 ac
1514 457 1722 483 remanere
1750 443 1834 482 sibi
1863 443 1914 482 de
1942 447 2107 496 negotio
2133 446 2210 485 ali-

258 515 458 563 qnantum
487 509 828 548 {aufinates-nt:
862 508 970 561 quod
997 515 1080 547 tum
1111 508 1245 559 fiebat,
1273 510 1309 547 si
1335 515 1600 561 posteaquam
1632 509 1779 547 saevis
1807 509 2094 548 vexatIonibus
2121 522 2209 548 ma·-

256 583 386 624 gnon
410 574 579 623 pretium
608 579 880 623 extorserant,
900 573 978 623 ipsi
1006 574 1049 610 iu
1076 579 1257 624 tempore
1284 579 1328 610 et
1355 571 1576 609 commodis
1606 572 1706 609 locis
1735 572 1936 610 emebant.

940 748 1134 788 Annal.
1170 745 1216 787 1.
1272 754 1391 794 ean.
1431 745 1523 788 42,

559 853 691 915 „Nos
721 861 774 899 ut
799 855 993 899 nondum
1024 858 1195 899 eosdem
1228 879 1282 884 —
1322 879 1377 884 —
1411 832 1606 911 qratiam
1636 852 1871 910 refertis!“

414 976 508 1017 Nou
537 977 578 1017 in
606 978 739 1016 animo
767 981 842 1027 est,
871 975 1046 1017 remedia
1073 986 1319 1025 enumerare,
1353 966 1462 1027 'quae
1490 975 1541 1014 ad
1570 973 1806 1014 enodandas
1836 975 2101 1018 difficultates
2129 978 2209 1019 loci

259 1044 501 1094 interpretes
528 1041 811 1092 adhibuerunt,
844 1053 1010 1092 quorum
1034 1040 1203 1091 plurima
1230 1040 1427 1090 ejusmodi
1455 1047 1561 1089 sunt,
1591 1047 1633 1077 ut
1658 1040 1918 1079 difficultates
1947 1044 2081 1092 potius
2110 1043 2208 1081 reli-

258 1107 400 1158 quisse
426 1117 545 1158 quam
574 1115 793 1160 superasse
822 1103 1049 1154 videantur,
1077 1114 1126 1141 ac
1149 1105 1283 1141 statim
1312 1105 1351 1141 in
1386 1103 1554 1141 mediam
1586 1117 1666 1141 rem
1697 1105 1945 1156 progredior.

415 1167 582 1208 Etiamsi
610 1166 740 1206 codex
767 1172 859 1218 post
890 1166 1016 1204 verba
1055 1166 1138 1217 „ita
1167 1177 1214 1203 ex
1244 1165 1325 1204 illis
1354 1166 1493 1204 ortos“
1535 1166 1719 1206 lacunam
1754 1168 1918 1207 haberet
1936 1199 1947 1219 ‚
1977 1176 2111 1208 tamen
2139 1170 2210 1209 vix

256 1230 379 1270 credo
408 1242 646 1283 quemquam
678 1230 867 1279 futurum,
896 1232 961 1267 cui
990 1241 1068 1267 nou
1095 1241 1147 1267 ex
1163 1229 1292 1266 Taciti
1320 1240 1459 1279 sensu,
1493 1229 1705 1268 dummodo
1735 1234 1953 1270 orationem
1976 1231 2209 1271 Germanici

255 1295 351 1333 inde
378 1297 428 1332 ab
445 1295 556 1332 initio
585 1293 635 1331 ad
664 1306 754 1331 eum
782 1305 913 1343 usque
929 1293 1079 1341 locum,
1105 1304 1185 1343 quo
1210 1303 1234 1328 a
1260 1292 1342 1329 Jul.
1368 1292 1548 1330 Caesare
1577 1300 1614 1330 ct
1635 1295 1822 1343 Augusto
1850 1295 1900 1332 ad
1921 1301 2050 1332 semet
2076 1296 2208 1345 ipsum

255 1356 447 1407 deflectit,
475 1368 556 1395 uno
581 1362 721 1411 tenore
749 1361 788 1393 et
817 1361 969 1394 attento
997 1354 1132 1393 animo
1161 1354 1418 1406 perlegisset,
1461 1366 1655 1393 summam
1688 1363 1798 1394 certe
1826 1358 2082 1410 insequentis
2109 1368 2209 1397 seu-

256 1413 407 1459 tentiae
426 1427 535 1458 recte
561 1419 743 1457 divinare
770 1430 820 1455 ae
847 1419 1037 1469 supplere
1054 1420 1316 1467 contingeret.
1373 1417 1634 1455 Manifestum
1664 1421 1753 1456 sine
1775 1420 1893 1459 dubio
1921 1422 2069 1472 cuique
2092 1422 2209 1471 foret,

255 1485 318 1522 sic
346 1483 432 1521 fere
458 1483 498 1521 in
527 1482 660 1534 antimo
685 1480 816 1519 fuisse
843 1481 1012 1521 oratoriz
1055 1480 1174 1518 divus
1202 1479 1338 1518 Julius
1366 1481 1602 1518 seditionem
1634 1484 1834 1521 exercitus
1863 1484 1987 1521 verbo
2016 1495 2209 1534 compes-

256 1547 362 1587 cuitz
391 1546 510 1584 divus
537 1545 750 1595 Augustus
775 1543 887 1582 voltu
903 1550 942 1581 et
962 1549 1130 1594 aspectu
1148 1543 1343 1580 Actiacas
1364 1543 1545 1594 legiones
1571 1547 1782 1583 exterruit:
1814 1546 1902 1584 Nos
1918 1558 1943 1584 a
1961 1548 2085 1586 milite
2102 1549 2209 1587 hunc

254 1611 295 1650 iu
325 1608 483 1649 modum
514 1605 711 1646 tractari?
755 1614 933 1646 nostrum
952 1608 1159 1659 imperium
1189 1607 1251 1645 sic
1275 1604 1510 1646 contemni?
1541 1609 1691 1646 numid
1720 1617 1780 1648 est
1804 1610 2046 1651 ferendum?
2074 1625 2209 1651 nonne

257 1674 477 1724 indignius,
505 1683 624 1722 quam
654 1671 761 1722 quod
778 1672 916 1708 verbis
945 1672 1169 1720 exprimere
1188 1668 1354 1721 possis?
1398 1671 1511 1708 Nihil
1540 1672 1646 1709 aliud
1664 1675 1867 1712 continent
1898 1676 2208 1729 quaelegimus,

254 1736 362 1776 haud
392 1735 511 1775 dubie
538 1735 644 1774 hunc
672 1736 712 1773 iu
740 1733 897 1772 modum
927 1731 1157 1773 scribenda:

462 1809 609 1859 „divus
625 1808 759 1847 Julius
787 1808 1027 1847 seditionem
1053 1809 1258 1846 exercitus
1287 1809 1410 1845 verbo
1432 1821 1511 1846 uno
1529 1812 1790 1860 compescuit,
1819 1810 1998 1859 Quirites
2022 1814 2208 1853 vocando

461 1873 528 1924 qui
541 1878 836 1910 sacramentum
848 1871 936 1922 ejus
950 1872 1231 1910 detrectabant
1245 1899 1256 1909 .
1275 1871 1393 1908 divus
1407 1874 1616 1922 Augustus
1634 1873 1746 1911 vultu
1765 1880 1805 1911 et
1823 1882 1993 1926 aspectu
2010 1879 2206 1916 Actiacas

463 1936 645 1987 legiones
672 1937 866 1974 exterruit
890 1963 899 1972 .
930 1946 1018 1984 nos,
1047 1941 1089 1973 ut
1117 1934 1290 1973 nondum
1317 1935 1494 1984 eosdem,
1524 1938 1580 1974 ita
1596 1949 1646 1975 ex
1673 1937 1751 1975 illis
1773 1944 1885 1976 ortos
1912 1961 1963 1967 —
1992 1940 2027 1978 si
2051 1942 2208 1991 Hispa-

463 2002 556 2039 niae
571 1999 771 2051 Syriaeve
797 1998 913 2037 miles
929 2005 1227 2049 aspernaretur,
1255 2003 1390 2035 tamen
1408 1999 1547 2037 mirum
1571 2006 1612 2037 et
1633 2000 1838 2051 indignum
1859 2008 1943 2039 erat
1959 2024 2008 2030 —
2025 2004 2207 2054 primane

464 2070 504 2102 et
535 2064 733 2101 vicesima
764 2063 969 2113 legiones,
998 2062 1067 2099 illa
1094 2064 1225 2113 signis
1248 2074 1271 2098 a
1298 2062 1456 2100 'l'iberio
1484 2065 1677 2113 acceptis,
1707 2071 1749 2101 tu
1779 2071 1837 2102 tot
1867 2066 2105 2115 praeliorum
2135 2080 2208 2106 so·-

464 2129 540 2177 cia,
566 2132 623 2165 tot
649 2127 840 2177 praemiis
866 2132 986 2164 aucta
1012 2148 1062 2154 —
1091 2148 1140 2155 —
1169 2122 1256 2164 —2
1310 2127 1527 2179 Egregiam
1558 2126 1648 2165 duci
1667 2133 1804 2165 vestro
1831 2129 2003 2178 gratiam
2025 2130 2204 2169 refertis!

416 2200 627 2240 Structura
655 2199 883 2238 sententiae
899 2210 977 2238 non
1005 2200 1190 2239 omnibus
1219 2201 1400 2252 partibus
1422 2201 1652 2239 enuntiatae
1682 2207 1719 2238 et
1750 2201 1962 2240 confectae
1988 2203 2090 2242 haec
2118 2211 2205 2246 est:

254 2276 330 2304 nos
348 2277 395 2302 ex
421 2265 501 2302 illis
522 2270 632 2301 ortos
661 2264 842 2313 primane
869 2270 909 2300 et
933 2265 1128 2301 vicesima
1160 2263 1346 2314 legiones
1376 2265 1483 2302 hunc
1508 2266 1551 2301 in
1581 2265 1737 2302 modum
1773 2258 1990 2304 tractetis?
2017 2268 2075 2304 At
2099 2269 2202 2305 enim

252 2330 514 2367 vehementer
541 2327 728 2365 commoti
769 2327 889 2364 animi
913 2328 1051 2364 oratio.
1108 2327 1260 2377 Urget,
1291 2329 1535 2376 praevertit,
1564 2330 1816 2377 interrumpit
1843 2330 2046 2367 sententia
2079 2330 2204 2367 altera

254 2391 435 2430 atteram.
485 2390 545 2428 Eo
573 2389 785 2428 verborum
816 2399 944 2426 nexus
982 2391 1271 2439 grammaticus
1313 2402 1392 2428 non
1421 2390 1632 2440 neglectus
1663 2390 1821 2440 quidem
1863 2396 1930 2429 aut
1960 2391 2135 2431 violatus
2163 2397 2203 2429 at

253 2456 496 2494 obscuratus
523 2483 533 2491 .
575 2458 778 2504 postremo
809 2463 1006 2502 oppressa
1045 2458 1084 2490 et
1113 2453 1335 2492 interclusa
1365 2467 1447 2491 vox
1483 2455 1524 2490 vi
1561 2453 1851 2504 indignationis
1890 2466 1940 2492 ac
1967 2454 2105 2493 mutila
2131 2467 2203 2505 per

254 2518 512 2569 aposiopesin
539 2515 754 2556 sententia.
806 2513 1030 2553 Videamus
1057 2516 1301 2566 singulatim.
1357 2517 1620 2568 Posteaquam
1651 2529 1674 2554 a
1702 2517 1800 2555 Julii
1830 2516 2023 2556 Caesaris
2050 2524 2089 2556 et
2111 2520 2201 2556 Au-

253 2582 365 2632 gusti
393 2578 590 2630 exemplis
618 2578 669 2616 ad
692 2589 741 2615 se
767 2577 953 2627 deflexit,
995 2578 1088 2616 dum
1111 2589 1224 2616 suam
1253 2590 1467 2629 personam
1498 2591 1731 2630 comparare
1772 2581 1943 2618 instituit
1971 2591 2060 2618 cum
2088 2581 2202 2618 hisee

253 2644 400 2683 summi
428 2643 581 2694 fastigii
607 2642 929 2693 imperatoribus,
962 2642 1130 2692 primum
1167 2654 1239 2692 per
1272 2644 1507 2682 modestiam
1538 2645 1762 2681 interserit:
1807 2650 1876 2692 „ut
1904 2644 2075 2681 nondum
2104 2655 2203 2683 eos-

253 2708 361 2756 dem,
387 2708 443 2745 ita
470 2717 518 2744 ex
544 2706 625 2744 illis
644 2705 809 2755 ortos“;
841 2704 985 2743 deiude
1001 2716 1121 2756 quum
1137 2705 1336 2756 legiones,
1367 2718 1470 2758 quae
1496 2705 1760 2756 alloquendae
1788 2707 1825 2741 ei
1848 2711 1954 2753 sunt,
1977 2705 2060 2756 jam
2081 2708 2204 2758 quasi

253 2772 295 2809 in
322 2782 394 2809 ore
418 2770 587 2819 habeat,
614 2769 868 2820 indignanti,
895 2768 999 2819 quod
1028 2769 1122 2807 illae
1148 2770 1342 2817 maxime,
1370 2782 1475 2819 quae
1501 2768 1721 2807 fidissimae
1749 2769 1923 2805 omnium
1952 2780 2049 2806 esse
2077 2770 2205 2808 debe-

253 2834 374 2885 bant,
402 2838 483 2872 tam
511 2831 631 2872 foeda
655 2831 857 2871 seditione
883 2837 924 2870 et
958 2843 1052 2871 sese
1077 2837 1116 2870 et
1143 2832 1274 2882 ipsum
1303 2830 1537 2881 polluerint,
1582 2843 1652 2882 per
1691 2830 1953 2881 parenthesin
1983 2835 2204 2883 praevertit

255 2896 378 2936 illud:
412 2896 474 2947 „si
505 2895 732 2948 Hispaniae
757 2895 960 2947 Syriaeve
987 2895 1101 2933 miles
1118 2900 1411 2946 aspernaretur,
1441 2900 1572 2931 tamen
1599 2895 1739 2931 mirum
1769 2900 1808 2931 et
1837 2893 2044 2946 indignum
2074 2897 2202 2947 erat“,
