2708 3533
1112 453 1336 496 ibidem.

717 538 1130 614 „transmeandum
1161 556 1223 598 aa
1251 556 1409 597 heum
1439 548 1733 612 opportuna“.

409 679 525 719 Cave
550 689 642 717 cnm
672 676 907 717 Gutmanno
935 680 976 712 et
1003 676 1262 719 Boettieliero
1289 675 1585 726 interpreteris:
1629 686 1718 725 „um
1743 677 1811 715 ben
1838 673 1952 727 strieg
1976 673 2133 726 §titubet
2161 686 2205 726 au

249 744 421 796 spielmfl
477 743 571 782 Hoc
585 743 695 781 enim
722 747 806 779 tum
835 739 1021 789 dicimus,
1047 750 1138 778 eum
1157 738 1240 778 dux
1261 745 1448 789 coeptum
1471 738 1554 788 jam
1579 740 1620 777 in
1644 739 1885 790 aliquapiam
1916 745 2025 777 terra
2057 739 2205 777 bellum

249 810 375 851 variis
401 807 558 846 artibus
583 806 626 844 in
652 804 770 843 aliam
800 809 946 842 terram
973 803 1065 840 sive
1081 802 1286 855 regionem
1314 801 1520 840 transfert.
1574 802 1652 841 hoc
1679 808 1812 840 autem
1842 802 1932 841 loco
1959 802 2097 840 insula
2125 803 2207 840 Ba-

250 877 431 909 tuvornm
461 875 606 920 pacata
645 874 706 907 est
741 866 868 904 sedes
894 864 1116 915 apparandi
1145 864 1249 901 belli.
1320 863 1621 903 Contrahuntur
1656 865 1752 901 illuc
1781 865 1989 902 exercitus
2016 867 2207 916 omiiiqne

250 939 445 985 apparatu
472 930 523 971 ad
552 930 697 970 bellum
725 927 945 980 gerendum
974 928 1207 966 necessario
1234 927 1506 973 instruuntur,
1534 932 1579 965 nt
1606 939 1699 966 mox
1727 927 1900 965 navibus
1929 926 1980 965 ad
2008 927 2205 966 Amisiam

251 998 399 1034 flumen
428 994 647 1033 transvecti
674 994 715 1030 in
742 991 877 1029 hostili
900 997 1008 1027 terra
1027 991 1163 1027 statim
1190 990 1297 1026 omni
1325 989 1367 1026 vi
1395 989 1613 1026 conflictari
1642 1000 1730 1026 cum
1761 990 1879 1027 hoste
1907 990 2076 1039 possint.
2133 991 2207 1027 Est

252 1061 375 1110 igitur
403 1059 530 1105 idem,
560 1056 667 1107 quod
695 1055 948 1106 germanice:
1003 1055 1072 1094 ben
1105 1052 1343 1102 subtret'teten
1380 1050 1537 1105 fcrtigen
1565 1051 1676 1104 Rrieg
1710 1052 1755 1101 ιἠ,
1784 1052 2032 1103 ἷςείηυεόῐαηδ
2061 1057 2206 1105 tragen,

251 1134 318 1164 um
346 1122 411 1176 ibn
439 1124 523 1163 bort
551 1118 774 1160 unvetmcsst
801 1116 982 1170 beginnen
1011 1127 1055 1167 gu
1083 1114 1211 1166 luffen.

1038 1275 1235 1317 Anna-1.
1274 1274 1326 1325 Β,
1366 1273 1417 1313 8.

377 1362 478 1426 „Et
506 1378 635 1424 eques
667 1366 841 1424 quidem
871 1379 926 1407 ac
958 1366 1148 1422 leyiones
1173 1369 1320 1422 prima
1352 1368 1586 1407 aestuaria
1610 1365 1823 1421 intrepidi
1856 1361 2116 1409 transiere.“

410 1485 546 1524 Locus
574 1497 625 1523 ex
652 1484 733 1523 illis
762 1496 891 1535 unus,
919 1497 1024 1536 quos
1052 1487 1215 1522 intuens
1237 1483 1328 1534 jure
1355 1485 1537 1534 mireris,
1565 1496 1644 1535 quo
1672 1483 1835 1521 tandem
1866 1484 1983 1523 modo
2013 1486 2101 1525 fleri
2132 1499 2209 1538 po-

251 1550 388 1599 tuerit,
417 1557 463 1587 ut
488 1560 540 1586 ne
555 1549 798 1586 mentionem
828 1549 992 1601 quidem
1020 1547 1284 1597 difficultatis,
1312 1559 1362 1584 ne
1380 1547 1509 1585 dicam
1540 1546 1771 1585 ulteriorem
1791 1558 1925 1585 curam
1956 1551 2209 1599 provocarint

250 1613 525 1663 interpretum.
583 1611 741 1649 Etenim
768 1611 1007 1661 immodum,
1039 1611 1145 1663 quod
1174 1611 1326 1660 sciam,
1365 1610 1459 1661 quid
1487 1611 1564 1649 sibi
1593 1610 1717 1648 vellet
1746 1611 1978 1650 vocabulum
2007 1615 2209 1665 „prima“,

251 1676 377 1714 verbo
403 1676 550 1725 attigit.
619 1675 823 1713 Drsrckius
850 1675 1018 1725 perinde
1044 1677 1348 1725 interpretatur,
1378 1685 1426 1712 ac
1453 1675 1488 1711 si
1517 1674 1661 1712 dixerit
1690 1674 1879 1711 Tacitus:
1910 1675 2093 1725 legiones
2121 1679 2209 1727 pri-

251 1750 367 1789 mae3
395 1737 445 1775 de
472 1737 624 1775 codicis
652 1738 880 1775 testimonio
910 1737 966 1774 nil
995 1744 1142 1776 monet.
1199 1738 1478 1774 Boetticherus
1504 1743 1543 1774 et
1564 1735 1825 1776 Gutmannus
1852 1740 2109 1788 paucioribus
2124 1753 2208 1778 rem

251 1801 484 1852 absolvunt,
512 1801 551 1839 in
582 1801 850 1839 conversione
877 1813 955 1839 sua
984 1801 1191 1852 epitheton
1219 1800 1317 1839 iilud
1346 1811 1511 1851 prorsus
1538 1801 1781 1838 omittentes.
1840 1801 1895 1838 At
1923 1802 1964 1839 in
1993 1803 2134 1842 codice
2166 1811 2209 1842 et

251 1872 315 1903 est
353 1864 595 1903 vocabulum
622 1866 804 1915 „prima“
833 1872 873 1902 et
902 1865 1072 1903 admittit
1102 1875 1267 1902 sensum
1290 1863 1488 1902 idoneum.
1542 1862 1788 1901 Monendum
1817 1864 2003 1914 primum,
2031 1866 2071 1904 id
2100 1867 2207 1918 quod

253 1940 306 1966 ex
333 1933 474 1966 tenore
500 1927 784 1979 descriptionis
812 1927 933 1967 facile
959 1927 1190 1979 intelligere
1216 1928 1378 1978 possis,
1420 1936 1497 1964 nec
1521 1925 1612 1976 plus
1640 1936 1759 1963 unum
1789 1925 1966 1966 flumineis
1995 1931 2208 1969 transitum

252 1991 434 2039 indicari,
459 2002 536 2027 nee
564 1990 679 2040 plura
703 1993 933 2041 aestuaria,
974 1999 1141 2042 quorum
1172 1991 1248 2028 hoe
1272 1990 1438 2041 primum
1464 1995 1611 2040 postea
1643 1990 1822 2027 inventis
1849 1999 2088 2041 opponatur.
2146 1995 2209 2032 Ac

255 2054 364 2091 notio
392 2052 553 2104 quidem
583 2054 692 2091 vocis
719 2055 996 2104 „aestuaria“,
1024 2053 1130 2105 quod
1160 2064 1278 2091 nemo
1305 2064 1382 2090 non
1411 2052 1523 2090 videt
1552 2051 1749 2103 ejusmodi
1779 2058 1855 2102 est,
1884 2059 1926 2091 ut
1955 2056 2085 2105 possit
2115 2057 2208 2107 plu·-

253 2116 326 2154 rali
346 2128 512 2155 numero
532 2117 738 2153 enuntiata
757 2129 880 2155 unum
905 2118 1152 2155 aestuarium
1171 2115 1414 2166 significare.
1470 2116 1528 2153 Ex
1554 2117 1618 2154 his
1638 2115 1720 2166 jam
1747 2123 1856 2166 patet
1886 2119 2002 2156 vocis
2026 2121 2210 2170 „prima“

253 2192 333 2219 non
360 2179 481 2219 alium
510 2180 589 2218 nisi
606 2181 837 2230 partitivum
868 2181 1050 2219 hocloco
1078 2192 1195 2221 usum
1226 2191 1334 2228 esse,
1363 2188 1405 2217 ut
1434 2180 1486 2217 sit
1513 2179 1618 2217 idem
1642 2179 1750 2230 quod
1780 2181 1907 2230 prima
1928 2194 2025 2232 pars
2043 2189 2210 2221 aestua-

252 2244 315 2286 rii.
368 2242 522 2283 Verum
552 2254 751 2294 quaenam
778 2256 874 2295 pars
903 2245 1030 2295 prima
1058 2243 1212 2283 dicatur
1239 2249 1281 2281 et
1309 2255 1389 2293 qua
1425 2242 1465 2281 id
1493 2243 1649 2282 ratione
1686 2241 1757 2280 fiat
1785 2243 1968 2293 pluribus
1995 2246 2208 2297 explican-

252 2306 361 2348 dum.
413 2306 636 2352 Aestuaria
670 2307 905 2359 plerumque
939 2306 1189 2353 efficiuntur,
1227 2306 1293 2343 ubi
1321 2306 1509 2356 planities
1550 2304 1601 2343 ad
1629 2315 1785 2342 amnem
1829 2309 1960 2346 aestui
1992 2309 2205 2347 obnoxium

254 2369 448 2420 adjacens
475 2369 602 2420 ripam
626 2381 773 2408 versus
802 2370 943 2408 leniter
971 2370 1180 2409 descendit
1207 2381 1259 2407 ac
1285 2371 1404 2420 quasi
1432 2370 1634 2419 paullatim
1657 2374 1799 2410 transit
1824 2374 1866 2409 in
1885 2374 2018 2422 ipsum
2046 2374 2206 2411 alveum

255 2434 386 2474 amnis
413 2431 580 2479 elatiore
609 2434 696 2486 ripa
727 2435 918 2474 carentis.
993 2435 1122 2486 Igitur
1149 2439 1358 2472 revertens
1387 2444 1438 2471 ex
1463 2432 1546 2472 alto
1576 2435 1674 2473 mari
1712 2446 1905 2486 aquarum
1923 2434 2104 2475 affluxus
2132 2449 2206 2475 ne—

253 2498 433 2543 cessario
461 2497 570 2548 ripas
599 2497 761 2537 excedit
803 2504 842 2536 et
866 2510 946 2551 quo
974 2498 1130 2537 mollior
1171 2498 1350 2548 assurgit
1378 2496 1574 2547 ejusmodi
1613 2497 1828 2548 planities,
1866 2510 1914 2536 eo
1941 2499 2060 2538 latius
2086 2502 2206 2538 inun-

257 2561 368 2600 datio
393 2561 636 2601 extenditur.
693 2562 903 2602 Proximas
926 2570 1059 2601 autem
1086 2563 1164 2612 ipsi
1187 2561 1308 2599 alveo
1336 2566 1471 2611 partes
1499 2561 1676 2610 planitiei
1704 2561 1844 2599 eadem
1865 2562 1918 2600 de
1934 2573 2062 2600 eausa
2085 2563 2203 2600 altis-

256 2625 361 2664 sima
388 2623 648 2664 inundatione
675 2626 802 2677 mergi
830 2637 1002 2665 necesse
1027 2630 1103 2664 est.
1167 2625 1212 2663 ln
1250 2624 1328 2663 hoc
1355 2624 1631 2674 interpretatio
1669 2623 1748 2663 loci
1776 2626 1922 2676 posita.
1977 2624 2128 2664 Pontes
2156 2625 2207 2676 εἱ)

320 2794 361 2839 Ὁ
386 2793 503 2830 Possis
524 2795 583 2844 γει
623 2801 752 2841 pontes
780 2796 907 2842 plures
928 2807 1003 2831 uno
1026 2794 1228 2841 intelligere
1250 2794 1351 2837 juxta
1373 2794 1534 2837 junctos,
1560 2796 1619 2829 vel
1641 2806 1773 2836 unum,
1792 2801 1834 2829 ut
1856 2796 2012 2841 pluralia
2034 2808 2208 2839 numerus

385 2849 537 2895 pariter·
558 2855 669 2894 atque
691 2850 730 2883 in
751 2851 934 2886 vocabulo
969 2850 1186 2891 ‚‚aestaaria“
1215 2860 1293 2884 rem
1316 2861 1359 2883 ex
1382 2850 1504 2884 multis
1527 2850 1693 2894 partibus
1716 2851 1814 2884 inter
1836 2862 1874 2885 ae
1898 2858 2009 2896 atque
2032 2853 2209 2886 univer-aa

385 2903 441 2938 rei
463 2901 643 2939 similibus
664 2910 886 2940 constantem
910 2905 1097 2951 significet.
