2708 3533
576 443 706 494 Haec,
733 454 839 496 quae
857 442 974 482 modo
994 441 1182 493 diximus,
1207 443 1362 482 faciunt
1379 444 1432 483 ad
1453 450 1564 485 recte
1582 444 1883 499 interpret-uda
1903 453 1965 497 ea,
1985 454 2099 496 quac
2119 448 2377 529 aequant-et

679 526 2250 622 „vafimematquemtmlwsemyuoammeum“

577 676 691 727 Lux,
719 687 838 728 quam
867 673 962 712 dicit
972 698 988 720 ,
1019 686 1150 726 neque
1177 676 1449 715 astronomica
1473 674 1561 715 dies
1589 682 1692 727 est,
1713 688 1834 729 quam
1859 678 1908 725 inv
1932 683 2112 717 extrema
2139 671 2373 726 Britanniae

416 746 532 791 parte
560 739 612 778 ad
643 741 691 778 18
717 739 835 776 horas
863 736 1027 775 extendi
1055 739 1472 788 commemoravimus,
1500 750 1605 790 quae
1628 739 1716 778 dies
1744 738 1941 790 detracto,
1967 740 2077 791 quod
2104 751 2157 778 ex
2189 738 2377 782 refractis

419 804 543 843 radiis
572 803 769 853 adjicitur,
798 801 840 839 id
868 802 1059 851 temporis
1087 804 1263 851 spatium
1291 803 1580 853 complectitur,
1613 803 1721 853 quod
1747 803 1848 842 soti·
1874 804 2004 853 ipsius
2031 809 2121 841 ortu
2148 808 2189 840 et
2223 811 2374 839 occasu

417 868 678 916 terminatur3
718 875 849 914 neque
877 874 965 900 cum
996 862 1064 901 illo
1094 867 1286 915 temporis
1310 866 1442 916 spatio
1470 865 1767 915 confundenda,
1795 865 1902 917 quod
1930 876 1982 903 ex
2010 864 2280 903 astronomica
2308 862 2375 901 die

419 938 460 970 et
487 932 653 981 insuper
681 928 819 967 addita
848 927 938 965 luce
965 927 1228 978 secundaria,
1256 929 1281 966 i.
1310 940 1344 965 e.
1374 929 1614 979 crepusculo
1641 931 1874 980 vespertino
1910 935 1952 966 ct
1979 929 2172 966 matutino
2201 931 2373 965 constat.

419 995 536 1033 Haec
564 995 668 1032 enim
701 992 769 1030 lux
797 992 837 1028 in
866 996 1045 1028 extrema
1074 993 1307 1029 Britanniae
1334 998 1469 1042 parte,
1498 993 1537 1031 id
1566 992 1819 1044 qnod-modo
1848 992 2044 1042 diximus,
2085 990 2372 1043 propemodum

419 1069 491 1109 per
518 1063 602 1095 tres
622 1066 784 1094 menses
802 1056 984 1092 aestivos
1012 1066 1146 1105 neque
1169 1054 1316 1093 desinit
1345 1067 1478 1107 neque
1503 1057 1657 1107 incipit,
1685 1053 1806 1109 quum
1829 1054 2060 1094 discrimine
2086 1056 2247 1094 omnino
2263 1053 2374 1092 nullo

419 1121 700 1172 crepusculum
726 1119 1002 1169 vespertinum
1035 1119 1075 1156 in
1103 1118 1318 1157 diluculum
1348 1125 1547 1170 transeat;
1584 1123 1720 1170 potius
1746 1119 1877 1158 lucem
1907 1119 2004 1158 ‹licit
2033 1130 2081 1158 eo
2108 1130 2257 1166 sensu,
2293 1129 2374 1170 quo

419 1197 497 1224 nos
524 1185 654 1223 diem
682 1183 921 1231 civilem,
963 1194 1067 1232 quae
1095 1184 1235 1234 incipit
1275 1183 1323 1220 ab
1351 1183 1516 1220 ineunte
1545 1183 1721 1222 diluculo
1752 1183 1863 1222 civili
1892 1190 1932 1222 et
1961 1183 2112 1221 desinit
2153 1194 2242 1220 cum
2277 1192 2372 1220 cre-

417 1248 588 1298 pusculo
603 1247 721 1296 civiti,
749 1248 834 1283 sive
857 1246 996 1295 incipit
1026 1246 1077 1283 ab
1106 1258 1153 1283 eo
1178 1252 1367 1295 tempore,
1397 1246 1503 1296 quod
1519 1247 1687 1296 primum
1708 1247 1865 1296 copiam
1889 1246 1985 1283 facit
2012 1247 2166 1296 scripta
2182 1246 2258 1283 sub
2275 1245 2372 1282 divo

416 1313 483 1349 vel
511 1322 637 1361 prope
665 1310 880 1347 fenestram
909 1309 1113 1346 conclavis
1138 1309 1237 1345 satis
1264 1315 1444 1358 apertum
1478 1315 1736 1359 prospectum
1764 1310 1996 1359 praebentis
2023 1307 2185 1359 legendi
2209 1314 2248 1345 et
2282 1317 2373 1345 ma-

416 1381 486 1412 net
520 1385 651 1424 usque
682 1384 731 1409 eo
760 1373 983 1421 vespertini
1012 1372 1214 1421 temporis,
1243 1371 1311 1408 ubi
1326 1372 1426 1409 satis
1455 1370 1654 1423 dispicere
1682 1370 1854 1422 legenda
1867 1371 1951 1421 jam
1977 1382 2170 1422 nequeas,
2211 1369 2375 1420 Scripta

414 1444 549 1476 autem
580 1437 655 1474 sub
687 1435 781 1472 divo
810 1435 949 1484 legere
976 1436 1132 1484 possis,
1170 1433 1367 1483 siquidem
1396 1434 1550 1485 vulgari
1577 1435 1782 1472 oculorum
1820 1436 1908 1472 acie
1932 1436 2083 1483 utaris,
2127 1433 2276 1471 dumne
2310 1431 2373 1470 sol

414 1502 508 1553 plus
531 1501 596 1550 6‚5
625 1499 777 1550 gradus
804 1501 880 1537 snb
910 1498 1106 1536 finitorem
1133 1496 1397 1536 descenderit.
1462 1499 1514 1536 Et
1541 1499 1581 1536 in
1618 1499 1707 1549 ipsa
1735 1498 1894 1550 quidem
1926 1498 2156 1548 Britannia,
2199 1496 2302 1535 adeo
2331 1497 2372 1534 in

415 1564 556 1603 ultima
586 1562 676 1614 ejus
706 1568 833 1613 parte,
861 1561 923 1600 sol
952 1562 1043 1612 plns
1072 1561 1137 1611 6,5
1162 1560 1314 1611 gradus
1341 1561 1381 1598 in
1402 1561 1564 1612 fastigio
1593 1563 1758 1599 aestatis
1788 1561 1930 1600 subter
1958 1561 2149 1600 circulum
2170 1561 2371 1599 finitorem

415 1627 640 1676 descendit,
669 1625 744 1664 sed
773 1626 897 1664 breve
926 1632 1082 1675 tempus
1110 1627 1148 1661 in
1171 1637 1218 1662 ea
1245 1625 1458 1663 altitudine
1480 1632 1760 1677 commoratur,
1788 1633 2032 1678 quapropter
2059 1626 2180 1677 plane
2207 1626 2246 1665 id
2271 1638 2376 1664 eve-

416 1694 488 1742 nit,
517 1691 625 1743 quod
650 1703 674 1729 a
695 1691 836 1728 Tacito
862 1690 1044 1727 traditum
1075 1695 1151 1738 est,
1182 1695 1223 1727 ut
1250 1690 1369 1727 finem
1396 1696 1518 1740 atque
1545 1691 1698 1729 initium
1725 1690 1814 1741 ejus
1838 1690 1942 1728 lucis
1970 1691 2115 1741 exiguo
2142 1689 2375 1728 discrimine

417 1757 683 1795 internosces.
739 1756 796 1792 At
823 1767 919 1792 vero
953 1755 993 1792 in
1022 1753 1166 1791 insulis
1201 1753 1590 1804 Fau-oenus&
1628 1766 1733 1806 quae
1761 1755 2013 1794 latitudinem
2054 1755 2374 1806 geographicam

488 1990 526 2032 ¹³)
548 1992 600 2025 Ex
626 1990 682 2030 iis,
709 1999 802 2034 quae
825 1999 856 2021 c.
882 1994 923 2024 211
946 1989 1138 2033 leguntur:
1174 1988 1369 2031 „Agricola
1394 1990 1580 2034 expulsum
1605 1989 1786 2025 seditione
1811 1990 2006 2025 domestica
2030 2003 2144 2025 unum
2168 2002 2211 2025 ex
2236 1992 2373 2037 regulis

550 2045 666 2090 gentis
697 2048 889 2087 exceperat
923 2053 963 2073 ac
997 2042 1119 2085 specie
1152 2042 1332 2074 amicitiae
1364 2043 1402 2075 in
1426 2044 1653 2076 occasionem
1678 2045 1870 2077 retinebat.
1933 2047 2050 2090 Saepe
2081 2056 2122 2077 ex
2159 2056 2202 2079 eo
2234 2046 2373 2087 audivi,

550 2098 695 2143 legione
729 2107 800 2130 una
825 2113 865 2118 -
902 2102 938 2127 et
961 2101 1054 2133 cet.,
1090 2095 1150 2127 alii
1191 2094 1263 2136 jam
1300 2105 1518 2131 monuerunt
1550 2097 1647 2131 haud
1673 2097 1784 2132 dubie
1807 2098 2053 2143 colligendum
2077 2110 2171 2139 esse,
2204 2101 2371 2135 Tacitum

549 2154 668 2198 ipsum
697 2152 921 2185 Britanniam
945 2150 1074 2183 adisse.
1119 2151 1210 2183 Mihi
1231 2151 1378 2195 quidem
1405 2152 1466 2185 ille
1490 2153 1650 2197 primum
1677 2164 1790 2197 quum
1807 2160 1980 2197 quaestor
2001 2153 2119 2187 sactus
2147 2161 2251 2193 esset,
2276 2162 2374 2198 post-

547 2208 614 2240 hac
637 2207 823 2250 privatus,
860 2216 973 2249 quum
996 2205 1166 2248 Agricola
1196 2213 1336 2238 sextum
1361 2205 1474 2239 officii
1502 2217 1633 2239 annum
1658 2207 1881 2246 inchoasset,
1913 2207 2049 2240 iterum
2072 2208 2301 2252 aliquamdiu
2334 2210 2373 2242 in

550 2260 739 2294 Britannia
761 2265 928 2293 versatus
952 2268 1027 2291 esse
1045 2257 1204 2292 videtur.
1252 2260 1340 2293 Nam
1365 2271 1458 2304 quae
1481 2272 1559 2305 cap.
1583 2267 1635 2297 25.
1659 2261 1850 2304 legunturt
1888 2267 2045 2305 „portus
2070 2262 2179 2296 classe
2202 2264 2369 2309 explora-

549 2316 615 2355 vit,
641 2325 734 2360 quae
757 2314 802 2348 ab
819 2313 990 2358 Agricola
1014 2313 1173 2357 primum
1190 2320 1369 2358 assumpta
1392 2314 1429 2347 in
1449 2321 1587 2359 partem
1605 2314 1740 2350 virium
1757 2315 1992 2360 sequebatur,
2015 2333 2056 2338 —
2081 2316 2227 2361 egregia
2238 2318 2375 2362 specie,

550 2381 664 2414 quum
687 2369 796 2403 simul
818 2374 930 2406 terra,
952 2367 1061 2401 simul
1085 2368 1175 2400 mari
1199 2368 1336 2401 bellum
1361 2369 1564 2412 impellitur
1587 2370 1657 2409 (sic
1682 2369 1720 2402 in
1744 2369 1859 2408 cod.),
1890 2379 1932 2402 ac
1955 2380 2066 2413 saepe
2091 2369 2219 2404 iisdem
2243 2373 2372 2407 castris

547 2423 656 2469 pedes
681 2435 866 2470 equesque
891 2432 926 2458 et
949 2423 1116 2457 nauticus
1141 2422 1256 2462 miles,
1298 2422 1397 2456 mixti
1424 2424 1538 2468 copiis
1563 2430 1598 2457 et
1624 2423 1775 2464 laetitia,
1801 2435 1864 2459 sua
1889 2423 2045 2469 quisque
2071 2423 2177 2465 facta,
2211 2438 2295 2461 suos
2319 2438 2374 2462 ca—

551 2489 609 2513 sus
631 2480 842 2513 attollerent
865 2485 902 2512 et
925 2479 1023 2512 cet.“
1061 2476 1111 2510 ita
1135 2487 1288 2522 prorsus
1319 2484 1543 2522 praesentem
1577 2484 1689 2523 atque
1713 2477 1920 2512 evidentem
1943 2484 2027 2511 ante
2062 2479 2189 2513 oculos
2224 2480 2377 2525 legentis

549 2545 627 2567 rem
650 2540 875 2579 proponunt,
903 2533 956 2566 uti
981 2543 1133 2565 narrare
1156 2532 1273 2566 solent
1298 2532 1339 2571 ii,
1364 2533 1425 2576 qui
1452 2533 1505 2566 rei
1531 2540 1652 2578 gestae
1675 2533 1951 2567 interfuerunt:
1978 2544 2051 2567 non
2076 2534 2165 2578 quin
2188 2534 2376 2570 vividiore

553 2588 733 2631 ejusmodi
757 2588 926 2623 oratione
958 2588 987 2622 is
1012 2597 1162 2632 quoque
1188 2586 1240 2620 uti
1264 2586 1397 2631 possit,
1431 2588 1495 2632 qui
1523 2599 1596 2621 non
1620 2587 1858 2628 interfuerim
1893 2586 1955 2622 sed
1980 2587 2017 2620 in
2041 2594 2196 2622 mentem
2221 2589 2377 2625 creden·

548 2642 635 2677 dum
659 2649 711 2676 est
735 2643 909 2687 scriptori
934 2653 1007 2675 non
1029 2648 1225 2674 venturum
1252 2641 1386 2681 fuisse,
1420 2651 1461 2675 ut
1484 2653 1567 2676 eum
1590 2642 1802 2687 adspectum
1826 2641 2077 2682 describeret.
2111 2643 2180 2678 nisi
2209 2644 2286 2690 ipse
2308 2645 2369 2678 vi-

553 2697 673 2732 disset.
731 2695 870 2748 Quodsi
896 2697 1042 2731 Tacitus
1062 2695 1099 2728 id
1123 2696 1299 2740 temporis
1324 2707 1404 2730 cum
1430 2698 1601 2743 Agricola
1626 2697 1717 2736 fnit,
1741 2708 1823 2730 cum
1847 2696 1910 2730 ille
1936 2697 2102 2732 civitates
2125 2703 2223 2733 trans
2249 2698 2371 2734 Bodo-

552 2751 658 2783 triam
683 2752 767 2785 sitas
797 2751 959 2785 consiliis
992 2751 1177 2795 armisque
1209 2751 1395 2794 amplexus
1428 2751 1498 2793 jam
1531 2752 1577 2785 ad
1600 2758 1760 2784 montem
1793 2751 2007 2796 Grampium
2041 2752 2209 2797 pervenit
2231 2764 2273 2787 ac
2303 2760 2373 2787 ter-

554 2804 671 2838 minus
694 2806 901 2840 Britanniae
927 2806 975 2845 (c.
1000 2807 1071 2846 30.)
1098 2804 1265 2850 patebatz
1292 2806 1399 2840 facile
1422 2806 1502 2840 fleri
1528 2813 1605 2840 tum
1630 2803 1779 2850 quidem
1803 2805 1937 2851 potuit,
1961 2812 2002 2840 ut
2025 2805 2206 2842 admirans
2230 2805 2376 2841 dicrum

555 2859 776 2891 aestivorum
799 2861 912 2904 spatia
936 2871 979 2892 ex
997 2860 1204 2892 hominibus
1221 2860 1403 2894 Orcadum
1425 2861 1484 2893 vel
1508 2861 1729 2893 ulteriorum
1749 2861 1947 2894 insularum
1972 2861 2142 2894 notitiam
2158 2861 2376 2895 habentibus

553 2913 821 2953 sciscitaretur,
859 2926 1034 2958 quaenam
1060 2925 1185 2948 earum
1211 2925 1335 2948 rernm
1369 2916 1508 2959 speeies
1541 2913 1580 2946 in
1614 2914 1823 2958 regionibus
1854 2914 2096 2959 septentrioni
2131 2914 2376 2959 propioribus
